2850 4808
604 195 811 253 ..20-

96 386 187 455 fecto,
218 385 293 460 quod
315 385 427 443 codices
449 386 591 457 praebent
613 384 698 459 (aba,
716 385 762 459 2),
789 385 949 458 perfectum
971 386 1027 444 fuit
1052 388 1082 443 iu
1104 392 1215 444 textum
1244 404 1324 443 rece-

96 503 210 571 parunt.

182 623 279 683 Verba
301 630 368 683 sunt
390 628 474 685 baec:

184 773 189 783 .
210 772 215 784 .
235 773 241 782 .
258 730 352 799 ibique
370 731 425 784 duo
443 732 541 785 arictes
561 733 632 784 inter
656 749 685 784 se
707 735 900 784 concurrentes
923 731 993 784 alius
1016 732 1100 784 alium
1123 733 1329 801 praeterierunt

98 829 126 877 ct
144 824 248 893 impctu
266 825 340 878 facto
358 843 429 878 unus
448 827 577 879 cornibus
595 826 732 894 percussit
754 844 862 893 saxum,
886 844 919 878 ex
942 844 996 893 quo
1015 832 1107 879 crusta
1130 826 1329 881 candidissimo

98 919 188 972 colore
207 920 297 973 fuerat
314 920 389 989 (fuit)
408 920 520 974 deiecta.
547 921 587 973 ita
601 920 753 973 Pixodarus
772 921 874 974 dicitur
892 938 956 974 oves
974 921 1003 974 in
1021 921 1161 974 montibus
1180 921 1330 988 reliquisse

98 1020 126 1068 ot
144 1018 264 1067 crustam
284 1015 385 1068 cursim
403 1015 544 1084 Ephesum
564 1057 569 1068 .
589 1058 594 1068 .
615 1057 620 1069 .
639 1016 778 1069 detulisse.

183 1133 276 1192 Tanta
298 1153 361 1193 cuni
384 1135 541 1193 severitate
563 1134 660 1192 iudicii
682 1135 814 1193 dictionis
836 1135 1058 1197 concinnitatem
1073 1137 1229 1192 restituere
1246 1138 1328 1208 equi·

98 1247 163 1303 dem
185 1264 242 1303 non
264 1246 369 1306 audeo:
392 1248 478 1303 immo
500 1246 676 1304 reddendum
700 1252 745 1303 eat
759 1263 804 1303 me
819 1247 912 1304 iudice
931 1245 1001 1303 illud
1016 1247 1329 1320 plusquamperfectum

98 1357 246 1427 Vitruvio,
273 1374 357 1430 quem
378 1358 501 1415 maxime
523 1359 553 1415 in
575 1359 791 1416 narrationibus
813 1359 975 1430 praeceptis
997 1359 1115 1415 insertis
1137 1360 1275 1417 solutiore
1298 1365 1329 1418 et

98 1469 311 1541 negligentiore
334 1485 464 1526 sermone
487 1486 567 1526 usum
595 1486 658 1526 esse
680 1469 820 1527 videmus,
865 1467 964 1541 Neque
991 1470 1083 1541 igitur
1108 1471 1326 1545 plusquamper-

98 1582 205 1638 fectum
226 1580 325 1636 fuerat
347 1579 459 1637 deiecta
480 1581 510 1637 in
532 1581 607 1639 hunc
628 1580 690 1637 iere
713 1580 825 1637 modum
848 1579 1036 1654 interpretari
1059 1581 1170 1639 dubito:

186 1688 269 1762 „Und
292 1708 349 1749 von
371 1691 479 1749 diesem
500 1689 565 1748 l'els
587 1708 650 1749 war
672 1692 756 1748 dabei
778 1691 903 1762 aufallig
924 1692 971 1748 ein
994 1690 1114 1765 Splitter
1136 1694 1330 1764 abgestossen

99 1802 225 1861 worden.
264 1800 309 1859 Da
330 1802 384 1859 soll
406 1802 481 1859 deun
498 1800 657 1859 Pixodarus
680 1803 759 1859 seine
774 1799 877 1859 Schafe
900 1802 1051 1860 verlassen
1073 1804 1167 1861 haben
1190 1806 1248 1862 und
1271 1805 1330 1863 den

99 1911 221 1986 Splitter
242 1913 453 1986 spornstreichs
474 1915 549 1971 nach
572 1911 702 1986 Ephesus
725 1914 867 1984 gebracht
888 1914 1013 1973 haben“.

185 2039 320 2100 Ceterum
345 2041 466 2098 formam
492 2040 548 2098 fuit
574 2041 687 2099 deiecta
713 2059 777 2099 eam
806 2042 841 2098 ob
868 2058 985 2099 causam
1016 2044 1133 2115 probari
1159 2061 1215 2101 non
1239 2016 1327 2118 'posse

100 2171 213 2223 censeo,
236 2153 311 2227 quod
327 2151 475 2211 Vitruvius
493 2152 640 2225 utriusque
663 2152 784 2226 perfecti
807 2153 945 2225 temporis
966 2153 1076 2211 formae
1100 2154 1252 2213 discrimen
1276 2157 1327 2214 ob-

99 2265 239 2324 servavit.
284 2262 345 2322 Hoc
367 2281 436 2322 vero
464 2264 527 2321 loco
551 2266 604 2319 fuit
621 2266 727 2319 deiecta
754 2281 811 2322 non
837 2265 881 2323 rei
903 2265 1024 2322 effectae
1045 2270 1160 2338 tempus
1181 2269 1328 2338 praeteri-

98 2383 168 2446 tum,
192 2375 242 2433 sed
264 2376 384 2449 simplex
406 2374 514 2435 factum
535 2376 726 2448 praeteritum
748 2376 941 2447 significa1·et;
965 2394 1048 2448 quem
1064 2394 1145 2434 usum
1167 2376 1330 2438 aVitruvii

98 2503 229 2545 sermone
252 2488 410 2544 abhorrere
432 2500 520 2558 supra
542 2486 810 2546 demonstravimus.

183 2596 319 2655 Venimus
341 2597 378 2654 ad
399 2596 490 2654 futuri
513 2598 608 2655 exacti
629 2597 746 2657 formas.

184 2708 225 2767 llo
257 2710 287 2766 in
321 2713 449 2780 tempore
482 2708 590 2766 formas
622 2709 766 2782 pleniores
793 2710 998 2776 usitatissimas
1028 2711 1116 2769 fuisse
1145 2728 1181 2768 ex
1208 2727 1241 2768 eo
1268 2728 1326 2768 uno

98 2821 290 2894 cognoscitur,
313 2819 388 2892 quod
410 2819 467 2877 viri
489 2819 574 2890 docti,
599 2822 646 2894 qui
662 2818 783 2878 Latinae
806 2823 1013 2893 grammaticae
1036 2839 1151 2894 operam
1173 2821 1325 2893 dederunt,

98 2950 187 3005 usque
209 2932 247 2990 ad
268 2931 390 3005 proximi
413 2931 520 2988 saeculi
543 2932 650 2989 exitum
665 2931 764 2989 formis
787 2937 893 2986 amatus
912 2934 990 2987 sucro
1009 2939 1059 2988 cet.
1082 2933 1215 2991 inlibris
1237 2951 1325 3006 para·

99 3046 227 3118 digmate
250 3044 294 3101 usi
317 3047 392 3111 sunt,
416 3042 482 3103 dum
501 3041 652 3117 Seyiertus
674 3060 802 3101 errorem
824 3043 940 3101 sustulit
962 3044 1060 3102 formis
1083 3052 1189 3100 ansatus
1208 3066 1255 3101 ero
1274 3055 1325 3102 cet.

98 3158 129 3217 in
157 3156 317 3228 legitimam
346 3154 520 3227 dignitatem
546 3153 699 3213 restitutis.
745 3152 806 3212 Has
833 3155 907 3212 enim
931 3171 994 3212 esse
1016 3155 1106 3214 futuri
1129 3159 1223 3215 exacti
1246 3158 1324 3232 prin·

98 3269 206 3342 cipales
228 3267 349 3336 formas,
377 3262 533 3325 eOatonis
559 3266 683 3324 maxime
710 3281 841 3323 sermone
864 3269 1000 3339 apparet,
1029 3267 1077 3340 qui
1104 3268 1200 3326 futuro
1223 3273 1325 3327 exacto

98 3379 264 3454 saepissime
287 3393 356 3435 usus
377 3394 516 3452 nusquam
538 3379 627 3436 habet
648 3377 832 3451 participium
858 3394 888 3449 p.
903 3393 931 3449 p.
958 3394 1021 3434 cum
1049 3380 1129 3433 fuero
1150 3386 1199 3434 cot.
1227 3379 1327 3438 formis

97 3491 277 3550 coniunctum
285 3485 319 3563 ¹).

183 3599 263 3675 Quae
285 3600 394 3658 formae
417 3605 450 3658 ut
471 3599 573 3659 deinde
600 3605 701 3674 postea
727 3599 758 3657 in
779 3600 1041 3673 frequentissimum
1068 3618 1150 3659 usum
1172 3608 1325 3672 venerunt,

96 3715 140 3772 ita
161 3713 192 3770 in
213 3710 339 3770 Vitruvii
361 3711 442 3768 libris
463 3717 531 3769 sunt
551 3710 728 3770 usitatiores.

182 3838 253 3899 Cum
275 3844 372 3897 autem
393 3839 484 3898 futuri
506 3840 601 3898 exacti
623 3856 691 3896 usus
712 3839 742 3896 in
759 3837 884 3899 Vitruvii
906 3841 989 3899 libris
1011 3842 1150 3899 latissime
1171 3847 1273 3915 pateat
1296 3848 1326 3900 et

97 3953 229 4025 exempla
251 3951 310 4008 sint
329 3952 536 4024 frequentiora,
559 3968 643 4025 quam
665 3967 739 4023 quae
762 3952 956 4024 respiciantur
978 3953 1082 4021 onmia,
1106 3971 1204 4011 eorum
1228 3971 1323 4010 exem·

95 4065 206 4138 plorum
228 4062 368 4120 rationem
392 4062 536 4134 explicare
559 4061 690 4133 sufficiet,
714 4078 788 4134 quae
803 4063 913 4120 habent
927 4063 1054 4121 futurum
1076 4070 1208 4122 exactum
1228 4081 1324 4121 acum

95 4191 274 4247 suspensum.

180 4301 337 4373 Participio
359 4301 481 4374 perfecti
508 4302 646 4360 sociatum
669 4305 714 4359 est
735 4300 861 4359 iutumm
889 4302 1012 4374 primum
1039 4303 1121 4361 verbi
1149 4302 1324 4360 substantivi

188 4520 208 4586 Ι)
228 4516 282 4570 Cir.
303 4517 393 4572 Haase
412 4517 447 4571 sd
464 4516 617 4586 Reisigium
636 4517 698 4572 adn.
716 4519 774 4572 447.
