2850 4808
202 1281 282 1341 Sicut
302 1284 337 1341 iit
357 1287 391 1340 ut
413 1283 519 1351 colom,
543 1281 646 1353 quibus
669 1286 736 1341 sunt
757 1281 839 1338 multi
867 1282 934 1352 agri
960 1282 1046 1354 plane
1069 1288 1099 1340 et
1119 1283 1180 1340 late
1199 1288 1343 1355 patentes,

115 1397 185 1453 nihil
208 1400 309 1452 curent
330 1410 387 1452 nuo
410 1394 445 1451 de
467 1409 540 1465 agro
563 1396 681 1465 propter
700 1409 803 1465 vepres
826 1409 860 1450 ac
881 1392 1025 1451 fruticeta
1038 1394 1270 1468 impeditissimo,
1300 1396 1344 1453 ita

115 1508 142 1565 ei
178 1508 226 1578 qui
258 1523 306 1563 res
339 1505 545 1578 grammaticas
582 1507 797 1574 tractaverunt,
832 1504 930 1561 decem
962 1504 1052 1562 libros
1085 1522 1155 1577 quos
1188 1507 1346 1578 composuit

114 1617 263 1676 Vitruvius
280 1617 315 1674 de
332 1594 539 1685 architectura,
554 1632 644 1688 usque
661 1614 698 1672 ad
717 1616 801 1673 huius
818 1614 949 1672 decennii
960 1616 1074 1674 initium
1085 1618 1288 1689 neglexerunt.
1306 1651 1342 1659 —

114 1727 153 1786 Ut
175 1745 244 1787 vero
266 1744 476 1800 nonnumquam
497 1727 545 1795 fit,
577 1730 609 1784 nt
631 1727 679 1798 qui
707 1727 844 1800 vepribus
870 1726 928 1783 11111
956 1744 1014 1784 uon
1041 1729 1214 1799 perterritus
1242 1746 1346 1802 agrum

115 1845 214 1897 aratro
241 1841 406 1906 subvertat,
433 1838 592 1910 patefaciat
619 1839 707 1895 solum
739 1839 861 1912 opimum
891 1842 921 1895 et
947 1838 1170 1909 fertilissimum,
1198 1839 1242 1897 ita
1269 1837 1343 1897 Her-

113 1968 233 2008 mannus
256 1949 331 2009 Nohl
354 1954 384 2006 et
404 1948 552 2007 lohannes
576 1948 684 2020 Praun,
710 1949 766 2009 viri
788 1948 959 2017 doctissimi,
984 1951 1032 2022 qui
1054 1966 1147 2022 nuper
1167 1951 1198 2007 in
1219 1949 1344 2009 Vitruvii

114 2079 274 2120 sermonem
295 2061 516 2133 diligentissime
538 2061 762 2134 inquisiverunt,
785 2061 877 2118 multa
898 2060 1047 2119 intellectu
1067 2061 1237 2133 dignissima
1259 2079 1343 2120 enuc-

116 2174 269 2231 leaverunt
283 2173 428 2246 multaque
440 2172 477 2228 ad
492 2176 583 2230 totum
599 2189 759 2230 sermonem
771 2170 905 2229 Latinum
916 2173 1141 2245 pernoscendum
1153 2174 1344 2233 contulerunt.

202 2282 321 2342 Nohlius
342 2285 436 2342 indice
458 2283 629 2343 Vitruviauo
652 2284 780 2341 coniecto
806 2281 933 2357 [Lipsiae
959 2284 1051 2357 18117]
1078 2284 1186 2351 effecit,
1216 2289 1249 2342 ut
1271 2302 1346 2342 nuuc

114 2397 272 2453 habeamus
309 2396 386 2454 viam
422 2378 511 2453 multo
548 2394 770 2469 expeditiorem,
808 2395 883 2452 idem
922 2395 1037 2467 scripsit
1076 2396 1208 2453 analecta
1246 2394 1345 2454 Vitru-

115 2501 248 2581 viana,¹)
271 2507 373 2579 quibus
395 2507 496 2578 agitur
521 2507 644 2564 maxime
671 2506 706 2563 de
733 2522 786 2562 usu
808 2506 954 2563 nominum
976 2507 1231 2566 substantivorum.
1252 2511 1257 2527 ¹
1276 2506 1346 2565 Tum

115 2615 245 2674 Praunus
278 2602 449 2690 composuit:
495 2615 717 2690 Bemerhungen
750 2634 803 2674 zur
830 2614 942 2689 Syntax
976 2617 1027 2674 des
1058 2615 1163 2675 Vitruv
1196 2619 1250 2675 mit
1284 2619 1344 2676 ein-

115 2729 265 2800 geheuder
280 2727 470 2811 Darstellung
492 2730 545 2787 der
564 2727 991 2802 811111111111111111(1111111111,1
1009 2728 1113 2803 1885).
1159 2728 1236 2802 Quos
1256 2730 1346 2787 libros

116 2839 230 2911 saepius
255 2839 380 2897 laudabo
407 2841 579 2914 procedente
610 2842 665 2898 hac
694 2839 913 2909 dissertatione,
941 2857 1014 2912 quae
1042 2841 1098 2897 erit
1131 2841 1166 2897 de
1193 2842 1346 2898 sententiis

115 2951 328 3023 temporalibus.
775 2947 777 2952 ’

204 3059 260 3119 Sed
281 3064 447 3137 priusquam
462 3063 499 3121 ad
515 3078 565 3121 eas
580 3063 762 3136 exponendas
778 3063 999 3135 aggrediamur,
1022 3064 1052 3119 in
1074 3063 1238 3120 universnm
1254 3081 1346 3136 pauca

113 3172 148 3229 de
170 3171 299 3232 Vitruvii
321 3191 452 3232 sermone
475 3174 617 3233 disserere
639 3174 736 3234 liceat.

201 3281 364 3343 Vitruvium
379 3302 465 3358 saepe
489 3290 519 3342 et
533 3286 619 3356 longe
634 3286 782 3343 discedere
798 3287 834 3343 ab
851 3303 883 3343 eo
903 3286 1037 3358 loquendi
1060 3302 1121 3354 usu,
1145 3272 1229 3356 quem
1254 3287 1344 3343 ceteri

117 3393 243 3452 eiusdem
258 3397 365 3453 aetatis
380 3398 535 3470 scriptores
550 3397 703 3466 exhibent,
728 3415 764 3454 ex
784 3414 817 3454 eo
840 3414 896 3454 uno
916 3398 1104 3468 intelligitur,
1126 3395 1200 3470 quod
1215 3396 1342 3467 fuerunt,
1397 3455 1402 3465 ,

114 3505 249 3576 quiens,
280 3523 350 3578 quos
377 3525 452 3565 nunc
479 3525 531 3565 nos
557 3509 710 3578 habemuS,
745 3507 870 3566 Vitruvii
896 3507 986 3565 libros
1013 3508 1126 3564 saeculo
1160 3513 1262 3578 quarto
1295 3509 1343 3566 vel

112 3616 221 3673 decimo
244 3617 291 3674 vel
314 3618 401 3675 tertio
424 3619 532 3676 decimo
547 3620 676 3676 tribuere
698 3636 757 3676 uon
772 3618 948 3678 dubitarent.
995 3618 1064 3676 Illos
1078 3619 1192 3690 quidem
1211 3623 1274 3676 tota
1293 3620 1343 3676 via

112 3743 227 3784 errasse
254 3728 332 3785 inter
359 3746 457 3786 omues
487 3734 615 3798 constat,
650 3747 706 3786 non
729 3731 799 3787 item
832 3731 867 3787 de
902 3747 974 3788 vera
1006 3731 1119 3787 ratione
1152 3730 1343 3801 cognoscendi

113 3839 253 3896 sermonis
278 3836 440 3897 Vitruviani
467 3840 624 3911 singularis
647 3840 773 3912 quidem,
798 3841 849 3897 sed
870 3846 967 3898 tamen
989 3839 1115 3912 Augusti
1136 3842 1258 3912 tempori
1281 3842 1342 3912 apti
1385 3911 1390 3922 1

112 3948 257 4006 disserere
279 3966 525 4021 supervacaneum
548 3956 602 4009 est.
663 3918 667 3932 ⁸

196 4058 351 4118 Videamus
374 4078 422 4131 ea,
445 4079 518 4134 quac
540 4063 602 4135 ipse
617 4061 767 4121 Vitruvius
790 4063 863 4120 dixit
885 4063 921 4121 de
940 4064 994 4120 hac
1016 4080 1058 4122 re.
1104 4061 1137 4120 lu
1159 4050 1341 4135 praefatione

110 4170 183 4229 libro
205 4171 304 4243 quinto
327 4173 490 4245 anteposita
513 4175 643 4246 exponit,
667 4192 741 4249 quae
764 4175 822 4233 sint
841 4175 985 4232 historicis
1010 4180 1040 4232 et
1061 4174 1155 4246 poetis
1176 4173 1341 4232 adiumento

145 4470 149 4475 .
202 4423 225 4491 ¹)
242 4422 518 4478 Wisscnschaitliche
541 4424 653 4493 Beilage
676 4444 698 4478 a.
722 4426 816 4493 Progr.
836 4425 862 4479 d.
881 4425 1045 4479 Berlinisoh.
1069 4426 1173 4493 Ggmn.
1192 4445 1220 4476 a.
1238 4426 1353 4486 enixi.

111 4507 215 4578 Berlin,
237 4510 311 4564 1882.
