2850 4808
615 213 740 298 ...12
786 242 823 256 .-

104 402 142 460 sit
170 404 214 461 vis
242 421 276 461 ac
302 404 377 461 ratio
401 403 554 471 dictorum,
583 401 736 475 inquibus
758 417 896 474 praesens
924 418 987 460 cum
1009 401 1137 475 porrecto
1163 402 1259 474 logico
1293 408 1340 462 est

103 514 301 587 compositum:
328 513 400 585 „biit
421 513 486 590 dem
503 512 716 588 Yollendetsein
738 513 791 571 der
815 512 855 571 im
876 513 1021 585 relativam
1036 508 1137 571 Gliede
1160 515 1338 586 gegebenen

103 622 263 699 Handlung
284 625 352 683 tritt
373 625 419 683 die
441 623 601 699 Handluug
622 625 674 683 des
696 624 943 697 demonstrativeu
964 621 1081 682 Gliedes
1103 624 1160 696 ein.
1204 621 1250 682 Da
1274 625 1337 685 also

103 736 150 799 die
172 735 357 810 Vollendung,
373 736 432 809 der
458 736 543 797 einen
566 734 723 812 Handlung
748 737 795 794 die
821 736 980 810 temporale
1008 733 1181 809 Bedingung
1206 735 1255 795 fiir
1282 737 1336 797 das

104 846 256 927 Eiptreten
283 848 336 906 der
363 848 491 907 anderen
518 849 571 916 ist,
600 864 631 904 so
653 848 781 920 bagreiit
803 848 876 918 sich,
906 847 977 915 dass
995 847 1057 904 dies
1079 847 1134 914 die,
1147 846 1334 922 Zeitgebung

102 959 150 1016 fiir
172 956 367 1031 Handlungen
389 960 451 1019 sein
473 975 563 1040 muas,
575 959 635 1032 „die
657 959 717 1017 sich
737 959 820 1017 ihrer
842 957 937 1018 Natur
958 959 1033 1018 nach
1055 976 1092 1017 zu
1114 958 1255 1018 einander
1276 963 1334 1019 wie

103 1069 156 1128 das
177 1070 285 1142 stetige
307 1071 464 1145 temporale
487 1069 669 1146 Antecedens
691 1087 729 1128 zu
751 1072 859 1128 seinem
882 1070 1009 1141 stetigen
1031 1069 1210 1144 temporales
1223 1067 1332 1139 Conse·

103 1198 192 1254 quens
214 1183 398 1241 verhalten“.
444 1179 477 1239 In
501 1180 686 1239 adnotatione
709 1187 805 1239 autem
827 1181 863 1239 iis
891 1182 989 1239 verbis
1016 1183 1163 1256 supposita
1188 1182 1260 1240 dicit
1286 1183 1334 1252 vir

104 1292 164 1353 ille.
183 1293 295 1354 doctus:
333 1291 439 1365 „Beide
466 1290 584 1366 Glieder
613 1293 728 1352 lriinnen
757 1293 901 1350 natiirlioh
927 1293 999 1351 auch
1025 1292 1065 1351 im
1092 1291 1215 1351 Prasens
1233 1309 1333 1366 ‚gege-

103 1405 159 1464 ben
182 1406 274 1464 sein.“.
489 1468 491 1472 7
536 1467 541 1480 ⁴
1151 1469 1153 1474 ,

116 1568 119 1573 .
171 1516 297 1592 ¹Quibus
320 1517 521 1591 epraeceptis
543 1518 674 1576 breviter
696 1517 780 1575 dictis
801 1534 854 1575 nec
877 1516 1020 1585 discimus,
1043 1534 1116 1591 quac
1132 1518 1169 1575 sit
1183 1517 1333 1589 utriusque

104 1645 172 1685 usus
200 1629 290 1700 ratio,
318 1645 410 1702 neque
437 1629 500 1701 fieri
528 1647 584 1687 non
606 1633 716 1702 potest,
742 1633 774 1686 ut
802 1630 850 1703 qui
875 1629 968 1690 levius
994 1628 1050 1689 illa
1074 1630 1165 1688 verba
1187 1628 1332 1701 inspiciat,

105 1739 238 1812 opinetur
259 1757 341 1798 usmn
362 1741 440 1798 inter
461 1757 605 1813 praesens.
623 1744 652 1813 et
673 1740 832 1812 perfectum
850 1738 1036 1797 fluctuantem
1056 1740 1142 1812 plane
1161 1713 1192 1799 in
1210 1741 1332 1813 scripto·

104 1867 167 1914 rum
190 1851 310 1924 arbitrio
332 1851 456 1923 positum
479 1868 551 1917 esse.
597 1849 772 1922 Diligentius
794 1852 885 1922 igitur
906 1852 993 1909 in-ea
1014 1852 1202 1924 inquiramus.

189 1959 232 2018 Ex
256 1962 406 2035 exemplis,
439 1979 512 2046 quae
539 1963 683 2035 permulta
710 1962 809 2029 attulit
836 1960 1033 2038 Hoffmannus
1049 1964 1069 2022 l.
1097 1963 1116 2022 l.
1145 1963 1255 2036 eligere
1278 1965 1333 2023 hoc

104 2073 295 2144 mihiliceat:
379 2096 382 2100 ·
544 2136 547 2146 y
578 2094 581 2100 ·
635 2123 640 2143 ,
784 2113 789 2144 ,

181 2195 294 2264 ,Cierp
318 2195 382 2249 Sall.
401 2197 441 2263 16,
453 2197 498 2250 dl.
540 2197 663 2262 Quodsi
685 2203 757 2250 esses
781 2203 832 2249 usu
855 2202 937 2265 atque
960 2202 1048 2251 aetate
1070 2198 1221 2266 robustior,
1243 2216 1333 2253 essem

103 2290 176 2366 idem
195 2290 242 2367 qui
262 2291 335 2365 soleo
354 2309 416 2344 oum
436 2309 495 2343 surn
514 2291 665 2366 lacessitus.
771 2318 774 2324 ¹

188 2405 218 2465 Si
240 2410 303 2481 quis
326 2410 446 2467 eandem
474 2427 535 2468 rem
558 2410 718 2481 exprimere
741 2410 814 2468 velit
836 2415 989 2482 praesente
1012 2417 1140 2483 tempore
1162 2413 1207 2469 bis
1229 2413 1332 2484 posito,

103 2525 183 2578 certe
206 2536 263 2577 una
285 2537 348 2577 cum
369 2525 505 2594 tempore¹
521 2522 611 2594 ipsius
633 2522 716 2579 verbi
738 2526 844 2579 natura
867 2522 1004 2579 mutanda
1026 2528 1078 2582 est.
1114 2521 1153 2581 Ut
1168 2523 1244 2580 euim
1259 2528 1331 2580 tem·

103 2649 202 2704 porum
226 2632 415 2703 congruentia
437 2632 581 2690 efficiatur
602 2665 636 2672 -
657 2650 730 2704 quae
753 2634 842 2690 verbo
864 2632 925 2704 ipso
947 2633 1096 2691 immutato
1119 2652 1175 2691 non
1199 2637 1276 2691 esset
1293 2667 1329 2676 -

103 2745 224 2802 verbum
247 2742 315 2814 eligi
339 2748 461 2814 oportet,
485 2734 539 2815 quo
554 2749 656 2802 'status
678 2745 727 2802 ille
743 2743 933 2816 significatur,
957 2746 1004 2816 qui
1021 2747 1057 2802 ab
1073 2736 1348 2803 absolutaaotione·

103 2854 263 2912 lacessendi
286 2854 425 2912 nascitur.
470 2853 515 2912 In'
530 2872 563 2912 eo
592 2855 692 2938 igitur,
715 2855 789 2928 quod
812 2857 1015 2937 supraposui,
1044 2857 1173 2929 exemplo
1195 2874 1246 2928 pro
1270 2880 1333 2915 oum

104 2971 166 3024 sum
183 2970 326 3023 lacessitus
348 2982 455 3038 ponere
477 2966 546 3024 licet
558 2942 623 3024 ‘nob
647 2990 708 3025 cum
727 2951 853 3040 lacessor,
877 2967 926 3026 sed
942 2969 995 3026 hoc
1010 2968 1084 3027 fere:
1103 2991 1165 3025 curn
1185 2991 1334 3027 succenseo

104 3077 165 3137 Vel:
190 3100 252 3135 curn
271 3081 407 3151 indignor.
1155 3054 1165 3067 ἰ

190 3181 264 3246 Illud
287 3188 400 3261 quidem
422 3205 560 3263 praesens
582 3196 694 3263 tempus
716 3191 837 3249 actionis
860 3191 980 3248 alicuius
999 3208 1050 3262 pro
1066 3191 1194 3262 perfecto
1210 3191 1333 3262 positum

105 3317 191 3374 saepe
205 3287 354 3369 inveniri,
369 3301 484 3372 ‘negari
511 3318 567 3357 non
595 3301 700 3374 potest.
722 3348 724 3355 ,
745 3299 800 3358 Sed
828 3300 1012 3359 statuendum
1034 3302 1091 3369 est,
1120 3309 1153 3357 eo
1177 3319 1229 3359 usu
1251 3303 1333 3374 leges

103 3413 215 3484 logicas
235 3411 361 3484 negligi,
390 3428 462 3485 quas
484 3409 579 3470 Latini
601 3399 693 3470 multo
716 3413 886 3485 diligentius
913 3412 1056 3483 multoque
1079 3412 1213 3469 subtilius
1235 3415 1333 3471 obser·

104 3516 296 3610 var'ef'solent
323 3539 407 3594 quarn
434 3523 525 3580 nostri
552 3524 690 3584 homines.
743 3522 903 3598 Scriptores
930 3523 1022 3611 igitur
1049 3523 1103 3580 ubi
1124 3541 1262 3596 praesens
1291 3525 1334 3582 ita

104 3612 226 3708 positum
250 3633 403 3702 exhibent,
426 3633 636 3706 negligentiam
659 3636 801 3707 quandam
825 3635 963 3693 sermonis
986 3635 1151 3704 admittunt,
1175 3635 1236 3692 sive
1259 3635 1333 3706 quod

105 3746 221 3803 consilio
243 3745 313 3803 illud
335 3762 473 3819 praesens
496 3744 635 3803 adhibent
656 3746 711 3803 sibi
732 3747 916 3819 indulgentes
939 3747 1000 3805 sive
1015 3747 1083 3819 quia
1098 3751 1165 3803 sunt
1180 3746 1332 3803 deterioris

105 3855 281 3917 Latinitatis.
1085 3834 1086 3837 Ἴ

190 3966 229 4026 Ut
257 3985 326 4027 vero
345 3973 486 4026 'auctores
513 3966 680 4027 Latinitatis
711 3985 817 4026 aureae
844 3986 917 4042 quae
945 3974 1078 4038 vocatur,
1111 3985 1173 4026 cum
1208 3967 1331 4039 diligen·

105 4080 215 4139 tissime
237 4080 386 4153 utriusque
409 4079 545 4153 temporis
568 4079 762 4137 condicionem
784 4081 976 4154 respicerent,
1001 4079 1122 4137 actionis
1145 4078 1333 4136 secundariae

105 4192 313 4249 absolutionem
340 4196 507 4249 constanter
532 4190 660 4265 perfecto
683 4193 810 4263 tempore
839 4196 1028 4260 notaverunt,
1057 4191 1213 4263 scriptores
1235 4194 1333 4248 aetate

105 4301 257 4360 inferiores
279 4319 336 4360 non
358 4303 427 4360 item
453 4301 484 4360 id
506 4302 743 4361 observaverunt.
789 4299 852 4360 Non
874 4302 923 4360 ille
946 4302 1060 4375 quidem
1082 4302 1244 4374 praesentis
1266 4318 1333 4358 usus

105 4412 243 4485 quomodo
273 4414 452 4486 increverit‚'
476 4429 532 4471 uuo
560 4419 678 4488 aspectu
705 4413 839 4487 cognosci
865 4418 961 4487 potest
989 4444 1026 4455 -
1055 4429 1147 4486 neque
1175 4413 1250 4469 enim
1277 4412 1333 4470 viri

106 4523 181 4582 docti
209 4524 236 4582 ei
263 4525 306 4582 rei
333 4541 449 4597 operam
475 4524 617 4585 dedenrnt
642 4525 685 4584 ita
710 4530 743 4586 ut
765 4541 862 4586 omnes
884 4525 1039 4599 scriptores
1061 4523 1254 4597 inspexerint:
1283 4523 1333 4582 sed
