2850 4808
581 211 789 268 „17-

65 406 166 465 attulit
187 404 208 463 l.
232 403 253 463 l.
277 420 307 475 p,
325 401 387 459 305
407 434 439 443 -
467 399 625 471 significat:
652 399 712 468 „sie
735 398 859 455 standan
882 398 1019 473 (damals)
1042 396 1224 474 geordnet¹).
1260 399 1300 457 Ut

65 534 139 578 vero
167 519 285 575 constat
311 514 383 580 illis,
411 511 571 583 dequibus
594 509 721 581 agimus,
748 510 847 567 termis
874 511 1032 582 significari
1060 516 1168 569 statum
1195 517 1225 569 et
1250 512 1299 583 qui

64 636 130 688 tum
150 627 271 687 desierit
298 626 398 699 etqui
419 623 560 691 valuerit,
588 622 631 679 ita
660 621 815 679 tenendum
837 625 895 693 est,
922 639 1060 695 nusquam
1081 623 1118 681 iis
1139 624 1196 681 nisi
1221 624 1299 695 apud

69 740 220 799 deterioris
245 737 417 795 Latinitatis
445 734 601 807 scriptores
628 734 723 790 inesse
751 734 809 791 vim
837 734 973 805 simplicis
1000 735 1122 792 actionis
1149 735 1298 793 absolutae

66 854 111 911 ite
134 856 166 909 ut
187 850 371 924 ,proeliatum
392 844 455 904 fuit'
480 846 604 919 positum
627 846 665 903 sit
686 862 738 918 pro
763 845 945 917 ‚proeliatum
968 842 1064 920 est''·').

149 960 209 1021 Sed
230 959 375 1032 exempla,
398 974 473 1030 quae
496 958 616 1015 suntin
638 955 763 1014 Vitruvii
786 956 877 1025 libris,
901 958 1104 1017 examinemus.
1152 957 1300 1029 temnitur

63 1076 118 1133 fuit
130 1075 256 1133 inerunt
269 1071 400 1145 perlecta
414 1069 496 1126 verbi
508 1068 659 1125 auxiliaris
671 1068 823 1149 coniuncta
834 1084 896 1124 cum
909 1069 1069 1141 participiis
1081 1070 1296 1142 deponentium:

148 1180 174 1247 2,
188 1178 224 1229 26
242 1176 290 1245 qui
307 1178 355 1243 (se.
375 1173 529 1241 architecti)
552 1178 643 1226 autem
667 1172 923 1226 ratiocinationibus
946 1177 974 1225 et
995 1172 1095 1227 littoris
1119 1175 1184 1227 solis
1203 1174 1298 1227 corstisi

62 1274 186 1341 fuerunt,
205 1271 335 1324 umbram
352 1287 409 1322 non
426 1285 484 1321 rem
502 1267 640 1335 persecuti
658 1266 795 1320 videntur.

148 1368 210 1431 104,
221 1366 235 1417 l
249 1364 399 1432 Etiamque
408 1362 580 1432 Pythagorae
593 1363 695 1429 quique
708 1362 766 1414 eius
779 1361 912 1415 haeresim
924 1363 1037 1416 fuerunt
1047 1363 1133 1416 secuti
1143 1363 1248 1431 placuit
1257 1394 1297 1416 -.

57 1470 263 1545 passivorum:

147 1574 205 1643 8,3
222 1576 253 1625 at
270 1570 319 1639 qui
337 1574 485 1637 utrumque
503 1568 718 1637 perdidicerunt‚
737 1568 777 1620 uti
797 1569 923 1621 ornrribus
942 1570 1024 1621 armis
1038 1571 1127 1623 ornati
1141 1571 1222 1623 citius
1236 1588 1298 1622 cum

62 1668 233 1723 auctoritate
249 1665 324 1735 quod
342 1665 397 1717 fuit
413 1664 585 1733 propositum
605 1668 669 1715 sarrit
687 1663 818 1715 adsecuti.

153 1762 200 1830 63,
210 1762 244 1813 18
261 1802 267 1815 .
284 1803 290 1815 .
310 1803 316 1812 .
334 1759 440 1811 nullam
463 1757 623 1810 memoriam
648 1763 712 1810 sunt
730 1757 866 1824 adsecuti,
890 1759 963 1825 quod
981 1759 1010 1810 hi
1029 1778 1082 1810 ιιιιιι
1108 1759 1142 1812 ab
1162 1759 1298 1811 imlustria

65 1874 162 1925 neque
179 1854 246 1909 artis
266 1853 388 1909 sollertia
410 1854 457 1906 sed
480 1870 496 1905 a
518 1852 651 1905 felicitate
673 1853 786 1906 fuerunt
804 1853 913 1920 deserti,
933 1858 964 1906 ut
981 1853 1091 1906 Tuletas
1111 1854 1297 1921 Atheniensis,

68 1952 157 2005 Chion
179 1948 334 2003 Corinthius
354 1979 394 2001 —.

150 2046 241 2113 2724
258 2061 275 2097 a
292 2042 383 2112 capite
401 2046 494 2095 autem
512 2042 546 2095 ad
564 2042 648 2094 imam
667 2043 768 2095 calcem
789 2042 859 2111 tigni
878 2044 1000 2095 courtenti
1018 2044 1131 2095 fuerunt
1147 2044 1226 2096 sumes
1238 2043 1297 2095 llll

63 2140 251 2195 crassitudine
268 2137 420 2206 digitorum
439 2136 518 2189 VIII.

152 2238 263 2315 Qnrhns
284 2239 416 2296 omnibus
438 2238 507 2295 locis
529 2255 586 2295 non
609 2239 685 2295 actio
701 2239 873 2310 praeterita,
897 2239 947 2295 scd
962 2244 1057 2296 status
1072 2239 1185 2296 actione
1202 2239 1298 2310 aliqua

65 2352 184 2411 effectus
205 2350 344 2409 historico
364 2366 494 2407 sermone
510 2356 658 2410 narratur.
692 2349 884 2422 apertissima
899 2358 996 2407 iuueni
1011 2349 1127 2408 illarum
1142 2352 1298 2407 tinnierum

63 2462 165 2521 visin
186 2462 233 2520 his
255 2466 302 2520 est
324 2462 474 2535 exemplis:

153 2568 212 2635 278,
224 2568 258 2620 19
275 2567 305 2619 in
323 2584 356 2620 ea
373 2566 489 2620 materia
507 2567 620 2619 fuerunt
637 2586 671 2619 ex
689 2572 769 2620 torno
787 2567 853 2619 facti
873 2567 973 2619 axiculi
993 2567 1054 2618 (luc).

154 2662 238 2730 ΜΛ)
257 2661 410 2729 exquibus
428 2666 519 2715 autem
538 2662 651 2715 funilms
669 2663 816 2732 pendebat,
834 2679 929 2714 eorum
946 2661 1037 2730 capitu
1055 2661 1168 2713 suerunt
1180 2680 1213 2713 (ix
1226 2661 1298 2713 ferro

60 2756 156 2810 factae
173 2756 369 2825 quadruplices
388 2762 507 2810 catenae.

149 2856 195 2915 De
217 2857 367 2929 exemplis,
390 2874 464 2930 quae
487 2863 554 2915 suut
577 2858 684 2927 idm
709 2862 738 2915 et
762 2859 833 2925 aad,
851 2859 879 2925 2,
903 2857 951 2913 urbi
975 2858 1066 2913 verba
1080 2857 1219 2913 snut-anda
1234 2874 1297 2913 esse

65 2974 142 3042 puto,
166 2973 270 3041 postea
291 2968 394 3028 dicam.

149 3078 248 3137 Aliter
274 3095 322 3136 res
348 3096 380 3136 se
407 3080 496 3138 habet
517 3082 547 3138 in
574 3079 847 3153 plusquamperfect
874 3079 982 3137 formis
1031 3077 1067 3135 Ut
1090 3079 1217 3135 enimin
1248 3076 1296 3134 Vi·

60 3193 153 3252 tmvii
186 3190 270 3249 libris
302 3206 388 3263 saepe
422 3192 695 3264 plusquamperfecti
728 3191 822 3247 laxior
856 3190 1029 3259 significatio
1064 3189 1296 3260 deprehemlitur,

59 3305 106 3363 ita
133 3302 244 3361 formas
271 3301 500 3359 fuerat-fuerant
528 3304 576 3360 vel
603 3320 656 3375 per
683 3319 714 3359 se
741 3303 850 3375 positas
877 3318 964 3374 saepe
987 3300 1123 3372 simplicis
1145 3300 1297 3370 praeteriti

62 3430 187 3473 munere
209 3412 292 3484 fungi
313 3411 454 3471 videmus.

150 3522 436 3596 Plusquamperfecte
464 3529 592 3596 tempore
620 3526 735 3597 proprie
764 3525 945 3596 significatur·
972 3540 1018 3580 res
1041 3524 1201 3597 praeterito
1223 3528 1295 3579 tem-

59 3654 134 3711 pore
158 3634 293 3693 absoluta
313 3636 358 3693 ita
378 3639 412 3690 nt
433 3640 545 3706 spectet
568 3635 605 3692 ad
625 3637 749 3694 alteram
764 3637 906 3693 actionem
922 3635 1122 3710 praeteritam,
1146 3651 1203 3706 qua
1217 3633 1297 3706 prior

60 3747 208 3807 evenerit.

151 3855 187 3915 In
214 3854 339 3915 Vitruvii
365 3858 446 3917 libris
475 3860 548 3917 duae
581 3860 709 3915 actiones
742 3875 828 3929 saepo
856 3857 933 3914 inter
959 3875 990 3914 se
1018 3862 1234 3929 comparantur,
1265 3862 1297 3912 ut

59 3967 376 4045 plusquamperfectum
399 3971 572 4042 respondeat
594 3969 752 4042 praesenti.
796 3967 854 4025 Res
877 3968 1015 4041 exernplis
1038 3968 1248 4025 declaration:

152 4074 239 4140 176,9
257 4073 304 4126 sed
322 4092 393 4142 quac
411 4075 502 4128 suerat
519 4076 624 4144 optima
636 4073 730 4126 Attica
748 4074 810 4126 ideo
827 4092 902 4125 nune
920 4091 974 4125 non
993 4074 1110 4126 habetur
1128 4072 1203 4139 ιιιιιιιί
1221 4103 1261 4124 -.

152 4167 210 4236 183,
222 4168 256 4219 20
274 4210 280 4222 .
300 4211 306 4222 .
325 4211 331 4222 .
351 4186 475 4237 quaeque
494 4170 528 4222 de
547 4187 608 4222 aere
626 4172 806 4222 nascerentur
824 4168 890 4220 item
913 4167 942 4219 in
961 4168 1030 4220 caeli
1052 4166 1176 4235 regiones
1194 4167 1296 4219 reverti

155 4359 179 4427 ¹)
197 4358 282 4411 Plura
299 4359 434 4411 eiusmodi
453 4360 579 4429 exempla
597 4359 777 4413 inveniuntur
795 4363 823 4410 et
840 4358 914 4427 aliud
932 4356 1124 4408 Kuelrnastum
1148 4356 1165 4407 l.
1185 4356 1201 4407 l.
1222 4359 1250 4407 et
1267 4355 1294 4406 in

59 4445 98 4497 iis
117 4460 189 4511 «luae
205 4444 300 4513 posuit
316 4444 558 4499 Weissenhomrius
577 4447 605 4498 in
624 4445 801 4503 minutatione
820 4444 854 4496 ad
873 4443 930 4495 Liv.
944 4441 996 4493 ΙΙΙ.
1016 4442 1057 4508 26,
1079 4442 1117 4493 ll.

155 4530 179 4597 ²)
197 4529 252 4584 efr.
271 4530 391 4599 Madvig.
410 4531 427 4584 l.
441 4532 458 4585 l.
477 4550 503 4601 p.
517 4533 575 4586 224.

1128 4611 1154 4657 ‘h
