2948 4808
636 214 843 272 ..23-

126 409 235 478 guntur
256 419 340 476 quam
363 399 537 459 Graecorum
560 402 740 460 coniunctivo
762 403 925 474 praesentis
948 402 1046 461 addito
1068 405 1112 472 du,
1133 405 1178 461 oui
1200 406 1359 464 elocutioni

126 517 224 574 subest
256 513 464 587 aliquantulum
495 513 717 573 incertitudinis.
765 510 905 570 Futmnm
941 519 1073 571 exactum
1105 515 1226 588 denique
1260 517 1356 589 aptius

125 625 281 699 respondet
304 625 405 683 aoristi
427 624 618 685 coniunctivo.
1089 703 1091 708 Ι

211 735 268 795 Sed
290 737 454 804 redeamus,
482 741 514 793 ut
540 736 622 794 nobis
650 740 695 793 est
716 736 907 808 propositum,
935 737 972 793 ad
998 752 1049 793 eas
1074 735 1197 807 formas,
1224 755 1297 811 quae
1326 744 1356 796 et

125 848 246 922 perlecti
269 847 443 905 coniunctivi
466 851 495 904 et
517 847 606 904 futuri
629 847 724 903 exacti
747 862 811 905 esse
832 853 961 920 possunt.

211 958 268 1017 Eas
289 964 350 1016 tum
371 975 493 1032 qnoque,
516 974 579 1015 oum
602 974 739 1030 praesens
754 959 793 1015 sit
806 959 929 1031 positum
943 959 973 1016 iu
988 960 1116 1031 epodosi
1138 960 1235 1018 futuro
1251 967 1354 1019 exacto

126 1071 295 1129 tribuendas
317 1087 394 1137 esse,
426 1086 514 1143 supra
535 1070 659 1141 probare
681 1069 785 1129 studui.
830 1067 860 1127 Si
883 1087 952 1128 vero
974 1072 1052 1142 quis,
1081 1088 1144 1129 cum
1166 1071 1246 1129 illum
1269 1089 1354 1144 prae-

126 1184 215 1240 sentis
237 1181 410 1240 coniunctivi
432 1195 529 1250 usum,
560 1181 596 1237 de
618 1197 672 1252 quo
694 1180 776 1238 modo
799 1181 936 1251 disserui,
966 1182 1143 1253 respexerit,
1171 1183 1211 1241 ibi
1233 1183 1356 1256 perfecti

125 1293 335 1351 coniunctivum
362 1293 530 1350 iterativum
557 1297 686 1349 statuere
716 1291 865 1361 maluerit,
899 1309 961 1350 rem
989 1293 1039 1351 vix
1072 1294 1203 1366 cuiquam
1230 1294 1355 1366 probare

124 1399 274 1478 poterit1).
317 1402 408 1460 Valde
432 1403 506 1460 enim
529 1403 642 1471 dubito,
672 1419 739 1459 num
765 1402 827 1474 ipse
842 1401 999 1461 ⁴Vitruvius
1026 1404 1091 1461 illas
1117 1404 1225 1461 iomnas
1239 1405 1354 1476 digno·

125 1516 214 1598 verit‚
243 1520 276 1571 nt
297 1515 350 1571 bas
376 1514 475 1571 futuro
503 1519 606 1571 exacto
631 1514 697 1571 illas
723 1514 818 1584 magis
845 1513 973 1585 perfecto
1002 1515 1173 1573 tribuendas
1200 1517 1354 1576 censuerit.

124 1624 185 1684 Hoc
207 1643 278 1684 vero
300 1626 358 1682 iam
380 1631 505 1684 constat:
530 1623 689 1696 Vitruvius,
712 1625 760 1682 ubi
782 1625 872 1693 illam,
895 1625 931 1682 de
953 1642 1011 1697 qua
1026 1627 1097 1684 satis
1113 1642 1255 1699 superque
1278 1628 1353 1685 dixi-

124 1755 196 1807 mus,
219 1744 379 1809 tempornm
402 1742 432 1794 et
455 1737 599 1794 actionum
621 1737 762 1793 rationem
784 1736 905 1793 reddere
928 1737 1006 1806 vult,
1030 1743 1060 1795 et
1083 1755 1146 1807 eas,
1170 1754 1242 1810 quas
1264 1711 1355 1796 iiituri

125 1849 219 1906 exacti
253 1848 345 1905 adhuc
378 1847 599 1918 appellavimus,
630 1848 738 1905 formas
768 1852 798 1903 et
826 1849 989 1919 praesentis
1020 1849 1232 1907 coniunctivum
1267 1866 1354 1923 saepe

125 1961 243 2017 adhibet
263 1960 307 2016 ita
327 1964 360 2015 nt
381 1959 411 2015 in
438 1959 587 2017 enuntiato
613 1959 751 2031 primario
778 1959 952 2032 respondeat
977 1959 1060 2016 modo
1085 1959 1214 2018 futurum
1241 1966 1355 2034 tempus

123 2071 205 2128 modo
227 2065 407 2144 praesens2).

208 2198 254 2256 Ab
276 2199 327 2268 iis,
350 2198 386 2256 de
409 2199 511 2270 quibus
533 2199 659 2269 egimus,
683 2198 821 2271 exemplis
843 2199 1006 2269 praesentis
1029 2199 1203 2258 coniunctivi
1224 2217 1282 2257 non
1304 2200 1355 2258 illa

125 2312 239 2385 quidem
260 2310 356 2379 facilc,
379 2311 429 2366 sed
452 2315 549 2367 tamen
570 2314 689 2382 possunt
711 2310 834 2367 discerni
857 2311 998 2383 exempla,
1021 2311 1051 2367 in
1073 2311 1175 2382 quibus
1189 2312 1355 2384 praesentis

125 2422 305 2480 coniunctivo
326 2439 407 2478 mera
430 2422 506 2483 inest
527 2421 605 2478 notio
620 2421 797 2493 potentialis,
820 2437 905 2493 quam
921 2417 1026 2479 Graeci
1046 2423 1176 2495 optativo
1191 2423 1353 2494 exprimere

124 2533 226 2592 solent.
272 2531 438 2605 Exemplum
459 2549 532 2605 pono
554 2532 620 2591 hoc:

211 2640 269 2707 177,
281 2639 315 2689 24
333 2654 449 2704 cumque
462 2637 491 2688 in
503 2642 579 2690 veste
596 2638 733 2690 intextum
746 2641 788 2690 est
805 2655 902 2690 aurum
915 2654 1001 2705 eaque
1012 2638 1097 2691 vestis
1110 2640 1229 2691 contrita
1240 2643 1355 2708 propter

124 2737 290 2786 vetustatem
309 2749 388 2784 usum
407 2750 461 2784 non
480 2732 580 2785 habeat
591 2732 746 2799 honestum,
763 2732 848 2801 panni
867 2733 895 2784 in
907 2732 1038 2785 fictilibus
1051 2732 1124 2786 vasis
1143 2733 1256 2802 inpositi
1271 2750 1354 2802 supra

124 2827 216 2896 ignem
235 2827 441 2880 comburuntur.

210 2922 280 2975 Item
300 2922 357 2988 177,
371 2922 410 2974 15.
440 2922 497 2988 125,
511 2922 543 2972 16
563 2926 613 2975 001.

209 3021 347 3080 Permulti
375 3022 496 3096 denique
525 3028 592 3081 snut
612 3023 682 3090 loci,
709 3021 740 3079 iu
766 3022 868 3093 quibus
894 3023 1092 3080 coniunctivus
1118 3021 1282 3094 praesentis
1311 3021 1355 3098 (01

123 3133 256 3209 perfecti)
279 3135 368 3191 habet
389 3134 534 3190 notionem
556 3134 700 3190 causalem
722 3138 773 3190 aut
795 3134 1003 3204 concessivam,
1033 3134 1083 3191 sed
1105 3134 1220 3205 longius
1247 3134 1354 3190 absunt

124 3263 142 3303 a
163 3247 317 3319 proposito,
339 3254 424 3316 quam
446 3244 494 3316 qui
516 3249 741 3315 pertractentur.

208 3355 407 3430 Disputatione
435 3356 471 3413 de
498 3356 655 3412 enuntiatis
687 3355 892 3428 temporalibus
920 3362 949 3413 et
978 3355 1080 3413 iisdem
1112 3355 1353 3413 condicionalibus

124 3469 256 3528 absoluta
285 3469 342 3525 iam
368 3468 515 3540 pergimus
543 3467 580 3524 ad
607 3467 806 3538 explicandum
836 3484 917 3525 usum
949 3467 1156 3524 coniunctionis
1184 3484 1247 3524 oum
1274 3484 1353 3525 mere

123 3581 319 3653 temporalem.
364 3575 435 3636 Cum
469 3579 544 3635 enim
575 3577 701 3637 Vitruvii
733 3579 800 3636 libri
832 3579 956 3652 plurima
986 3558 1154 3635 contineant
1184 3583 1352 3651 praecepta,

122 3692 213 3749 multa
235 3696 302 3748 sunt
323 3691 440 3762 generis
462 3689 606 3754 historici,
635 3706 708 3762 quae
731 3690 761 3747 in
783 3690 1011 3763 praefationibus
1034 3695 1064 3746 et
1086 3690 1116 3746 in
1137 3689 1353 3747 narrationibus

125 3802 414 3876 ,praescriptionibus
438 3801 556 3858 insertis
581 3801 777 3860 inveniuntur.

212 4028 234 4096 ¹)
253 4026 331 4079 Adde
350 4026 423 4095 quod
441 4026 518 4079 nulla
536 4029 631 4079 extant
649 4026 677 4077 in
696 4025 817 4078 Vitruvii
836 4025 914 4078 libris
932 4025 1014 4078 huius
1035 4025 1145 4093 generis
1164 4025 1301 4094 exempla,
1324 4025 1352 4077 iu

123 4115 223 4182 quibus
243 4113 359 4182 simplex
380 4112 496 4182 perfecti
519 4112 622 4181 passivi
645 4111 734 4164 forma
756 4128 772 4163 a
795 4127 857 4163 cum
877 4128 1009 4180 suspensa
1028 4112 1063 4164 sit
1085 4111 1218 4180 (velutin
1237 4111 1306 4164 Plin.
1326 4129 1352 4164 n.

122 4201 148 4254 h.
167 4202 208 4268 30,
220 4201 265 4252 91:
285 4217 347 4252 cum
367 4242 372 4252 .
392 4242 397 4252 .
418 4202 593 4266 ‚temptatus
613 4198 655 4250 sit.
693 4196 741 4249 cfr.
760 4196 883 4264 Draeger
904 4197 921 4249 l.
941 4198 982 4265 1.),
1005 4202 1101 4250 contra
1118 4198 1252 4250 nonnulla
1270 4214 1353 4265 supra

122 4287 201 4356 posui
223 4286 360 4354 exempla,
382 4285 412 4336 in
435 4284 538 4352 quibus,
556 4282 734 4353 participium
756 4300 782 4350 p.
806 4300 832 4350 p.
855 4300 918 4334 cum
941 4283 1061 4353 simplici
1083 4284 1161 4336 verbi
1186 4283 1352 4337 substantivi

121 4373 215 4425 futuro
233 4372 411 4424 coniunctum
430 4369 579 4439 respondet
595 4369 733 4439 praesenti
752 4369 781 4420 in
800 4367 912 4436 epodosi
929 4370 1027 4438 posito.

203 4457 374 4519 &Eundem
395 4475 474 4509 usum
495 4457 522 4508 in
541 4456 576 4508 iis
595 4471 704 4524 qnoque
722 4454 885 4520 enuntiatis,
907 4473 977 4523 quac
999 4456 1080 4509 simul
1099 4459 1246 4522 antequam
1265 4455 1351 4508 donec

87 4534 309 4590 eoninnctrones
326 4542 356 4591 1'11
380 4542 478 4596 fronte
494 4549 606 4614 gerant,
624 4541 749 4615 perspici
768 4547 867 4613 postea
883 4541 1049 4596 videbimus.
