2850 4808
606 212 814 270 „33-

92 408 345 467 commemoratur.
381 402 461 461 Tum
487 417 558 460 vero
585 406 772 473 posteaquam
798 418 862 458 cum
888 402 1050 474 imperfecti
1077 398 1235 461 indicativo
1258 420 1325 460 con·

90 519 233 591 iungitur.
257 514 343 590 Apud
358 511 525 572 Ciceronem
540 518 678 585 quattuor
693 512 829 570 eiusmodi
845 512 977 585 exempla
993 518 1104 573 extant.
1116 509 1137 589 ¹)
1153 511 1325 587 Saepissime

90 635 190 689 autem
213 628 285 685 illud
309 627 448 685 dictorum
470 641 562 697 geneis
585 624 661 696 apud
683 623 795 682 Livium
816 623 974 695 invenitur,
1001 626 1082 683 carius
1105 643 1120 682 e
1142 626 1224 683 libris
1247 624 1325 684 Hoff-

91 756 216 799 mannus
229 740 250 799 1.
266 739 286 799 l.
309 743 423 796 eentum
444 736 506 795 fere
529 737 660 808 exempla
682 735 789 792 attulit.
829 732 869 791 Ut
890 751 960 791 vero
983 736 1059 809 apud
1080 736 1217 808 plurimos
1233 738 1323 812 scrip-

90 858 172 911 tores
195 850 315 909 Latinos
337 866 435 907 eorum
458 849 625 917 verborum,
652 847 754 920 quibus
779 847 856 903 inest
876 847 955 903 notio
978 846 1192 919 diuturnitatis,
1221 850 1325 922 imper-

91 964 200 1021 fectum
227 967 341 1034 tempus
368 961 490 1033 positum
518 960 678 1027 invenitur,
710 958 802 1016 velut:
835 962 982 1027 postquam
1005 992 1037 999 —
1060 964 1189 1030 potemini
1211 962 1277 1031 (Cic.
1300 982 1326 1031 p.

94 1066 204 1134 Quinct.
217 1067 260 1133 22,
272 1068 314 1119 70.
342 1064 449 1118 Caesar.
468 1066 494 1118 b.
513 1064 615 1131 gvii,
629 1066 669 1116 87.
697 1062 758 1116 Val.
771 1063 843 1116 Max.
857 1062 910 1130 ΙΙΙ,
922 1064 947 1129 8,
961 1063 983 1117 l.
1002 1062 1082 1127 VIII,
1096 1065 1136 1132 11,
1151 1066 1190 1118 17.
1218 1065 1327 1134 Fieri,

95 1172 136 1239 10,
154 1170 208 1237 14),
234 1182 292 1224 non
318 1167 389 1224 item
416 1166 492 1239 apud
520 1164 693 1223 Vitruvium.
743 1161 802 1223 (ifr.
832 1167 873 1233 34,
894 1167 925 1217 18
943 1170 1122 1233 posteaquam
1142 1210 1251 1222 .....
1271 1186 1326 1221 non

95 1275 254 1342 potuemnt.
289 1272 348 1338 272,
364 1272 398 1322 25
420 1275 599 1339 posteaquam
617 1287 673 1320 non
694 1269 851 1321 habuerunt
869 1269 905 1321 ad
927 1269 1133 1322 demolitionem
1152 1270 1328 1337 ferramenta,

98 1370 273 1437 sumpserunt
291 1366 399 1433 tignum
418 1382 440 1419 e.
459 1383 484 1433 q.
504 1383 524 1418 s.
543 1396 576 1403 -

178 1482 276 1543 Semel
307 1484 534 1542 coniunctionem
556 1488 744 1556 posteaquam
765 1483 1037 1555 plusquamperseoti
1060 1483 1259 1542 coniunctivae
1281 1502 1327 1542 sc-

95 1600 205 1672 quitur:

178 1703 222 1771 59,
235 1703 271 1754 30
287 1704 467 1770 posteaquam
484 1700 596 1753 flamma
614 1700 687 1753 eirca
705 1700 781 1753 iiiam
800 1699 944 1752 materiem
962 1700 1054 1765 virgas
1067 1701 1328 1769 comprehendisset,

99 1798 130 1851 ad
146 1798 256 1852 caelum
274 1796 384 1848 sublata
402 1795 492 1848 effecit
510 1796 667 1864 opinionem
686 1796 727 1848 uti
745 1795 886 1848 videretur
905 1795 959 1847 iarn
978 1799 1036 1847 tota
1054 1796 1140 1847 moles
1159 1796 1319 1850 concidisse.

179 1914 265 1991 Quod
287 1915 447 1986 exemplum
462 1912 649 1971 Hoffmannus
664 1914 715 1972 11.
731 1930 800 1987 pag.
815 1913 855 1969 50
877 1920 907 1971 et
927 1912 1094 1984 Draegerus
1113 1913 1133 1973 l.
1146 1914 1166 1973 l.
1182 1932 1249 1987 pag.
1268 1917 1328 1972 592

102 2029 200 2087 uteris
222 2043 299 2099 quae
322 2031 433 2093 extant,
457 2025 660 2085 adiunxerant.

179 2137 362 2214 Quamquam
392 2137 427 2194 de
454 2138 653 2194 nonnullorum
681 2135 819 2193 eiusmodi
848 2136 972 2194 locorum
1000 2137 1172 2209 integritate
1201 2138 1329 2196 dubitari

108 2256 201 2321 potest,
226 2255 326 2307 tamen
348 2250 464 2322 plurimi
488 2250 612 2307 oniniiun
635 2249 681 2307 vel
703 2248 852 2305 meliorum
875 2249 1002 2306 codicum
1021 2249 1077 2305 fide
1099 2265 1184 2320 quam
1205 2251 1328 2307 maxime

106 2362 311 2421 confirmantur.
342 2358 408 2419 cfr:

181 2466 239 2519 Cic.
259 2464 293 2516 de
312 2465 377 2534 imp.
398 2464 445 2518 Cn.
465 2466 560 2533 Pomp.
579 2467 604 2532 4,
617 2466 640 2517 9.
669 2464 702 2516 de
721 2465 791 2533 leger.
811 2464 848 2533 ΙΙ,
867 2466 908 2531 25,
927 2436 978 2518 61.Ι
996 2465 1030 2518 ael
1044 2467 1101 2520 Att.
1120 2465 1169 2534 XI,
1183 2467 1223 2533 12,
1237 2467 1259 2518 l.
1278 2483 1328 2535 pro

100 2560 204 2615 cluent.
225 2561 267 2629 64,
281 2559 338 2613 181.
375 2560 433 2613 Liv.
452 2559 542 2628 XXII,
556 2561 579 2628 1,
593 2561 648 2629 2²).
685 2559 776 2613 Valer.
796 2559 868 2612 Max.
882 2559 943 2627 V‚7
963 2563 1016 2612 ext.
1036 2561 1059 2613 2.

180 2679 290 2737 Tamen
305 2676 473 2749 Draegerus
496 2679 626 2736 omnibus
641 2678 779 2735 eiusmodi
795 2677 933 2750 exemplis
948 2677 1033 2735 fidem
1050 2679 1249 2750 abrogandam
1265 2696 1328 2737 esse

98 2791 221 2865 putavit.
258 2788 337 2847 Vitia
359 2790 465 2861 igitur,
493 2791 595 2862 quibus
621 2789 688 2846 libri
714 2805 782 2847 mss.
804 2789 952 2859 laborent,
981 2790 1024 2847 ita
1051 2791 1114 2848 tolli
1136 2791 1213 2860 vult,
1242 2796 1274 2848 ut
1301 2792 1331 2848 in

100 2901 248 2974 exemplis,
272 2917 345 2973 quae
368 2901 446 2973 apud
467 2898 623 2959 Caesarem
647 2904 676 2957 ct
691 2896 859 2957 Ciceronem
881 2901 1078 2970 inveniantm·,
1102 2921 1184 2970 quam
1199 2902 1230 2959 in
1246 2922 1331 2971 quum

98 3018 241 3083 mutetur,
270 3012 346 3085 apud
368 3011 479 3071 Livium
507 3017 675 3083 ceterosque
698 3012 844 3069 inferioris
866 3012 972 3069 aetatis
1000 3012 1155 3086 scriptores
1177 3016 1331 3073 verborum

98 3126 194 3183 exitus
223 3124 417 3195 corrigantur.
468 3121 525 3181 Sed
552 3140 657 3182 vereor
683 3140 719 3180 ne
746 3123 816 3181 illud
843 3124 994 3182 arbitrium
1020 3124 1150 3183 severius
1178 3125 1217 3182 sit
1245 3132 1331 3198 atque

98 3236 200 3295 durius
222 3252 307 3308 quam
329 3234 404 3307 quod
426 3235 556 3292 omnibus
577 3236 695 3309 probari
718 3236 818 3308 possit.

187 3363 287 3436 Neque
310 3363 423 3420 silentio
446 3363 706 3435 praetermittenda
729 3369 805 3431 sunt,
834 3381 907 3435 quae
930 3362 1118 3420 Hoffmannus
1140 3363 1159 3421 l.
1172 3363 1191 3422 1.
1207 3379 1275 3434 pag.
1292 3363 1333 3419 50

98 3476 231 3549 protulit.
268 3473 323 3548 Qui
345 3475 392 3533 vir
414 3474 513 3532 doctus
528 3476 675 3545 cognovit,
698 3475 879 3532 oonirrnetivo
902 3474 1017 3531 minime
1041 3474 1161 3530 eandem
1183 3475 1332 3547 utriusque

100 3588 224 3646 actionis
247 3587 388 3645 rationem
411 3587 532 3659 exprimi
555 3603 640 3658 quam
662 3586 832 3656 indicativo,
860 3586 910 3643 sed
932 3586 1115 3644 coniunctivo
1137 3585 1219 3642 modo
1243 3587 1332 3643 actio-

100 3714 168 3757 nem
190 3697 333 3755 enuntiati
357 3699 523 3771 temporalis
551 3704 584 3755 ut
606 3714 681 3771 quae
709 3699 746 3754 sit
768 3697 885 3754 adnoris
907 3697 1055 3754 momenti
1071 3713 1105 3754 ac
1126 3697 1262 3769 ponderis
1285 3714 1332 3755 ac-

100 3810 174 3868 tioni
201 3809 354 3882 principali
381 3810 473 3867 artius
501 3811 645 3882 subiungi.
697 3808 779 3883 erod
800 3813 986 3881 praeceptum
1014 3808 1052 3865 ad
1078 3809 1148 3866 illud
1175 3810 1334 3882 exernplum

100 3920 327 3991 transieramus,
353 3921 427 3992 quod
450 3938 537 3993 supra
560 3922 713 3993 posuimus.
758 3919 798 3978 Ut
820 3937 889 3978 vero
912 3920 1061 3991 utriusque
1083 3919 1158 3977 modi
1181 3920 1335 3977 discrimen

100 4032 199 4104 magis
221 4038 374 4105 appareat,
397 4032 517 4089 alterius
533 4034 650 4104 generis
666 4032 826 4105 exemplum
842 4049 857 4089 e
872 4030 998 4089 Vitruvii
1020 4032 1102 4089 libris
1117 4032 1222 4089 afferre
1236 4032 1335 4092 liceat.

189 4136 249 4205 215,
263 4137 295 4189 16
312 4140 492 4205 posteaquam
510 4137 645 4191 indicium
664 4141 707 4191 est
723 4137 829 4191 factum
847 4137 960 4206 dempto
973 4154 1040 4190 auro
1052 4136 1215 4191 tantundem
1228 4136 1335 4205 argenti

194 4363 218 4425 ¹)
236 4359 272 4414 ad
290 4362 347 4414 Att.
361 4358 414 4427 ΙΙΙ,
428 4363 468 4429 19,
483 4361 505 4415 1.
534 4362 567 4414 ad
586 4361 802 4429 famulata.
829 4379 855 4430 p.
875 4362 983 4427 erinot.
998 4364 1040 4429 22,
1053 4364 1093 4415 70.
1121 4379 1147 4429 p.
1169 4361 1247 4414 Rosa.
1267 4378 1335 4412 rorrr.

104 4446 147 4515 11,
159 4448 201 4500 30.
228 4446 278 4501 cfr.
297 4447 454 4501 Hofiinann.
474 4448 491 4502 l.
509 4448 528 4501 1.
547 4466 608 4516 pag.
622 4452 646 4502 9.
674 4448 804 4516 Draeger.
825 4448 896 4501 Hist.
916 4448 991 4517 Synt.
1011 4448 1063 4501 vol.
1077 4448 1114 4500 ΙΙ,
1133 4464 1195 4515 pag.
1209 4448 1267 4499 586.

194 4534 220 4603 ²)
238 4532 293 4587 Otr.
313 4534 464 4587 Kuehnast.
485 4534 543 4587 Lis.
562 4535 639 4603 synt.
657 4552 719 4603 pag.
739 4536 796 4586 212.

1155 4620 1179 4669 'a
