2850 4808
623 205 808 261 ..6-

101 395 130 452 iu
164 392 349 451 conciliandis
374 393 514 450 lectorum
541 391 659 459 animis,
687 408 760 464 quae
788 393 903 449 obstent
933 392 1090 450 architecto
1118 394 1153 451 de
1181 400 1245 452 arte
1279 412 1336 452 sua

102 504 269 563 disserenti:
315 512 389 578 103,7
398 511 415 579 ¹)
434 509 495 562 Non
517 508 591 561 enim
614 508 648 560 de
670 507 856 560 architectura
878 508 917 560 sic
940 509 1071 562 scribitur
1090 510 1131 562 uti
1149 510 1265 563 historia
1283 515 1336 564 aut

102 614 236 679 poemata.
272 607 404 661 historiae
416 625 466 676 per
484 625 513 660 sc
525 610 621 659 tenent
633 606 762 672 lectores,
780 604 884 658 habent
896 605 970 658 enim
982 625 1116 660 novarum
1130 627 1221 661 rerum
1241 609 1335 661 varias

102 703 321 773 expectationes‚
339 706 529 771 poematorum
548 718 613 753 vero
631 705 720 753 metra
737 704 766 752 ct
783 699 867 768 pedes
890 717 922 752 ac
944 701 1091 753 verborum
1115 703 1224 770 elegans
1244 703 1350 772 dispo·'

102 797 166 851 sitio
184 802 213 849 et
235 796 433 850 sententiarum
455 796 528 849 inter
550 812 681 864 personas
704 794 849 847 distinctas
872 794 907 847 ad
929 812 1039 848 versum
1062 797 1250 864 pronuntiatio
1272 816 1335 866 pro-

101 892 228 945 lectando
247 909 342 944 sensus
360 891 512 958 legentium
529 888 658 958 perducit
681 888 739 941 sino
758 888 861 942 offenso
884 890 919 942 ad
942 908 1077 943 summam
1097 891 1262 960 scriptorum
1281 896 1333 944 ter-

102 985 289 1039 minationem.
308 985 337 1037 id
356 989 448 1037 autem
466 984 495 1036 in
512 984 712 1037 architecturae
726 984 975 1053 conscriptionibus
993 1003 1048 1037 non
1061 990 1152 1054 potest
1170 985 1238 1053 fiori,
1257 987 1334 1054 quod

102 1081 237 1134 vocabula
255 1098 289 1133 ex
312 1080 379 1132 artis
401 1079 513 1148 propria
534 1077 697 1131 necessitate
721 1084 854 1148 concepta
876 1079 1037 1133 inconsueto
1060 1098 1184 1133 sermone
1208 1080 1334 1134 obiciunt

103 1187 227 1240 sensibus
246 1187 450 1240 obscuritatem.
469 1216 501 1224 -
524 1178 692 1237 Architecto
715 1194 778 1237 esse
805 1197 865 1237 rem
887 1181 976 1238 multo
1003 1181 1192 1239 difficiliorem
1220 1182 1257 1239 ad
1280 1199 1331 1240 ex·
1405 1224 1408 1231 ,

102 1291 276 1365 planandam
309 1309 391 1349 nemo
425 1296 484 1361 est,
519 1291 587 1364 quin
620 1290 768 1350 concedat.
813 1289 913 1365 Neque
947 1309 1017 1350 vero
1051 1294 1159 1361 omnia,
1194 1310 1267 1365 quae
1300 1293 1333 1351 in

102 1401 229 1461 Vitruvii
250 1403 333 1461 libris
354 1403 449 1461 minus
471 1403 623 1474 eleganter
645 1407 696 1460 aut
717 1403 810 1460 minus
826 1403 948 1461 dilucide
971 1404 1049 1461 dicta
1070 1404 1270 1471 inveniuntur,
1293 1404 1333 1461 ad

5 1582 8 1587 ,
102 1515 192 1588 ipsius
214 1515 258 1573 rei
279 1515 459 1587 iniquitatem
487 1514 592 1572 referri
614 1518 746 1586 possunt:
775 1514 838 1585 ipse
861 1515 937 1571 euim
958 1513 1109 1574 Vitruvius
1135 1517 1250 1572 minime
1276 1515 1334 1573 fuit

103 1627 134 1683 in
155 1626 263 1683 litteris
284 1625 439 1698 pelicatus.
485 1623 519 1683 Id
542 1642 605 1682 eum
627 1627 755 1699 perbene
777 1626 901 1683 sensisse
924 1642 957 1683 ac
973 1628 1087 1684 novisse
1109 1628 1155 1684 his
1177 1643 1213 1684 ex
1234 1627 1333 1685 verbis

102 1737 236 1808 cognosci
269 1741 377 1808 potest:
410 1739 693 1808 11,1pet0,cacsar,
716 1744 744 1792 ct
761 1757 777 1792 a
792 1743 820 1791 tc
841 1742 869 1791 et
891 1739 925 1791 ab
946 1739 969 1792 is
992 1740 1090 1807 quiea
1111 1740 1251 1793 volumina
1269 1744 1335 1792 sunt

103 1841 214 1908 lecturi,
232 1845 264 1893 ut
282 1840 305 1894 si
324 1840 391 1908 quid
409 1858 507 1910 purum
530 1841 565 1894 ad
586 1842 711 1910 regulam
738 1842 806 1894 artis
833 1842 1028 1909 grammaticae
1054 1843 1139 1896 fuerit
1165 1843 1335 1911 explicatum

103 1936 270 2005 ignoscatur,
296 1951 416 2003 namque
442 1953 498 1988 non
520 1937 562 1989 uti
590 1954 713 1989 summus
734 1935 915 2004 philosophus
942 1954 993 1989 nec
1019 1937 1114 1990 rhetor
1141 1936 1259 1990 disertus
1283 1955 1335 1990 nee

103 2029 299 2100 grammaticus
318 2029 432 2083 summis
449 2030 604 2083 rationibus
622 2031 689 2083 artis
708 2029 874 2083 exercitatus
888 2030 935 2084 sed
947 2035 979 2085 ut
991 2031 1158 2085 architectus
1176 2031 1219 2084 his
1232 2031 1333 2084 litteris

103 2123 227 2178 imbutus
245 2124 313 2178 haec
331 2123 408 2177 nisus
427 2142 488 2178 sum
507 2125 634 2178 scribere.

188 2249 293 2309 Iisdem
316 2268 332 2309 e
354 2251 452 2311 verbis
467 2251 594 2324 intelligi
615 2256 723 2323 potest,
747 2267 867 2324 quarum
883 2268 981 2310 rerum
1002 2252 1078 2310 ratio
1093 2253 1176 2310 nobis
1197 2252 1332 2310 habenda
1404 2286 1407 2291 -

102 2363 142 2420 sit
162 2362 193 2420 in
208 2360 380 2421 Vitruviano
402 2379 532 2421 sermone
547 2363 623 2420 iuste
639 2367 669 2420 et
688 2368 768 2421 recte
787 2363 950 2422 iudicando.
994 2362 1126 2436 Iniquum
1148 2367 1193 2421 est
1207 2361 1334 2421 Vitruvii

101 2474 192 2532 libros
218 2489 254 2530 ex
285 2473 405 2531 aliomm
435 2473 496 2531 eius
530 2474 668 2548 temporis
694 2475 865 2547 scriptorum
892 2474 975 2531 libris
1004 2475 1142 2534 iudicare.
1188 2472 1222 2532 Ei
1257 2475 1334 2531 enim

103 2603 166 2645 cum
196 2586 286 2643 libros
313 2589 545 2657 composuerunt,
572 2585 651 2644 viros
676 2585 824 2644 litteratos
847 2603 877 2643 se
905 2585 1028 2658 professi
1054 2591 1130 2645 sunt.
1174 2585 1332 2655 Vitruvius,

103 2697 328 2755 architecturam
358 2696 518 2769 professus,
553 2695 625 2753 artis
660 2701 798 2770 percepta
831 2696 997 2769 explicavit.
1042 2695 1107 2755 Non
1138 2697 1188 2755 ille
1220 2696 1333 2771 quidem

101 2806 265 2866 liberalium
288 2806 393 2865 artium
413 2807 500 2879 plane
523 2823 627 2880 expers
655 2807 710 2865 fuit
735 2838 770 2848 -
796 2807 888 2865 multa
914 2808 990 2865 enim
1010 2808 1118 2880 legisse
1146 2826 1210 2866 cum
1237 2813 1267 2865 et
1296 2808 1332 2865 de

103 2919 179 2976 omni
207 2918 269 2976 fere
296 2917 492 2975 doctrinarum
520 2935 629 2990 genere
651 2918 780 2976 nonnihil
800 2919 932 2989 scivisse,
957 2935 972 2976 e
994 2920 1223 2992 praefationibus
1244 2920 1332 2978 rebus

102 3030 226 3088 maximo
248 3029 339 3089 variis
365 3028 483 3087 refertis
504 3029 688 3102 intelligitur.
714 3062 750 3071 —
775 3026 831 3088 Sed
853 3047 917 3088 cum
938 3035 1016 3088 esset
1037 3036 1068 3088 et
1088 3032 1215 3089 muneris
1238 3031 1331 3088 officio

102 3141 255 3214 impeditus
278 3145 308 3199 et
329 3139 424 3197 indole
447 3140 484 3197 ad
499 3140 649 3198 dicendum
672 3145 702 3198 et
724 3141 905 3199 scribendum
927 3141 1004 3200 haud
1020 3142 1063 3200 ita
1078 3143 1231 3215 praeclara
1245 3159 1330 3214 prae-

103 3252 194 3320 ditus,
216 3252 304 3326 longe
327 3251 420 3310 abfuit
441 3268 460 3309 a
482 3267 592 3310 summa
617 3252 669 3311 illa
696 3252 844 3325 elegantia
871 3253 1053 3325 ingeniorum
1080 3254 1211 3311 doctrina
1234 3254 1330 3311 excul-

103 3367 199 3421 tomm
219 3364 347 3437 propria.

189 3499 270 3574 Quae
297 3516 360 3557 oum
392 3499 621 3569 meminerimus,
655 3516 712 3557 non
744 3501 925 3570 mirabimur,
959 3502 1034 3574 quod
1062 3498 1211 3560 Vitruvius
1244 3517 1331 3573 saepe

103 3611 224 3670 discedit
257 3612 293 3669 ab
326 3626 380 3669 usu
410 3610 561 3684 loquendi,
597 3627 680 3682 quem
717 3612 792 3685 apud
825 3617 937 3670 ceteros
971 3613 1125 3685 scriptores
1157 3612 1331 3670 invenimus.

103 3722 173 3781 Inde
199 3720 344 3780 fluxerunt
370 3722 479 3801 omnia,
511 3738 585 3793 quae
612 3738 631 3779 a
663 3722 736 3781 viris
764 3724 855 3781 doctis
888 3724 1105 3797 vituperantur,
1138 3722 1331 3794 inaequalitas

102 3833 226 3892 mamme
248 3832 397 3902 dictionis,
421 3849 495 3905 quae
516 3833 646 3891 cernitur
668 3838 698 3891 et
719 3834 749 3890 in
772 3834 964 3908 descriptione
986 3835 1068 3891 modo
1090 3833 1234 3892 latissima
1248 3833 1330 3890 modo
1398 3892 1401 3898 ,

59 3915 64 3923 ¹
103 3945 260 4003 exilissima
275 3948 306 4001 et
320 3943 350 4000 in
365 3943 545 4016 singularum
560 3944 772 4002 sententiarum
786 3946 921 4004 membris
943 3946 1061 4019 paribus
1082 3961 1223 4019 persaepe
1246 3945 1329 4001 dissi-

103 4056 200 4114 milem
222 4056 253 4113 in
274 4054 389 4113 modum
409 4053 552 4114 formatis.

104 4226 308 4234 ————-

194 4342 216 4410 ¹)
235 4341 321 4395 Locos
340 4358 354 4395 e
372 4339 494 4394 Vitruvii
516 4340 595 4395 libris
612 4340 739 4395 laudatos
763 4343 913 4397 secundum
933 4342 1080 4395 editionem
1100 4340 1240 4394 Valentini
1259 4341 1331 4393 Ruso

103 4431 132 4479 et
148 4427 301 4479 Hermanni
319 4427 442 4482 Mueller.
461 4458 494 4466 -
513 4426 663 4497 Struebing
678 4426 764 4497 (Ilipa.
783 4429 868 4495 1867.)
886 4428 976 4496 attuli,
995 4427 1125 4480 Nohlium
1144 4431 1172 4479 et
1191 4427 1330 4479 l‘raunum

100 4516 220 4565 secutus.
257 4512 372 4565 Numeri
389 4513 504 4582 paginas
522 4517 551 4566 ct
568 4532 664 4567 versus
684 4511 849 4583 significant.
