2850 4808
601 213 809 270 ..37-

92 405 232 461 rationem
255 402 414 474 significari
436 406 568 475 apparet,
591 401 788 458 coniunctivus
810 401 840 457 in
862 401 907 470 iis,
931 403 1088 476 dequibus
1111 406 1233 475 agimus,
1257 421 1322 462 seu·

92 514 193 572 tentiis
213 513 374 572 invenitur:

179 618 339 687 24,211111
358 618 429 671 enim
450 617 602 686 aeolipolae
621 634 716 670 aereae
734 633 825 670 cavae.
855 617 908 670 1111
924 617 1028 671 habent
1040 623 1173 688 punctum
1193 620 1326 688 angustis-

94 712 193 766 simum
211 730 265 780 quo
286 730 358 780 aqua
379 712 564 764 infunduntur
589 713 823 781 conlocanturque
845 712 881 765 ad
901 712 1005 780 ignem,
1026 713 1061 783 [et
1083 718 1231 782 autequam
1258 716 1326 768 cale-

94 811 178 875 scant,
196 824 251 860 non
268 806 372 861 habent
389 807 477 859 ullum
496 806 631 875 spiritum.

177 901 409 969 54,10111111111
429 901 567 954 caedenda
585 905 627 954 est
645 920 661 954 a
681 901 772 971 primo
791 905 923 954 autumno
941 901 976 954 ad
994 901 1023 953 id
1048 906 1158 972 tempus
1181 902 1255 970 quod
1273 902 1326 956 erit

95 1000 239 1064 antequam
257 995 324 1049 flare
342 995 458 1064 incipiat
475 996 610 1049 favonius,

179 1092 266 1158 208,6
284 1107 299 1142 1
317 1090 464 1142 latitudine
483 1094 575 1143 autem
592 1091 761 1158 lamnarum,
785 1094 854 1158 quot
875 1089 976 1158 digitos
994 1091 1154 1159 habuerint,
1178 1096 1325 1159 antequam

95 1185 122 1238 in
139 1185 362 1238 rotundationem
381 1185 535 1250 flectantur,
554 1186 777 1254 magnitudinum
795 1187 835 1240 ita
853 1186 965 1239 nomina
983 1185 1144 1255 concipiunt
1161 1185 1278 1238 fistulae.

178 1280 249 1333 Item
269 1281 327 1347 177,
339 1282 363 1332 4.
391 1281 486 1347 41,18.
515 1282 572 1347 204,
586 1282 626 1334 25.

180 1396 337 1456 Praeterea
364 1399 419 1455 huc
447 1398 601 1456 referenda
628 1405 695 1456 1111
721 1401 853 1474 exempla
880 1402 997 1473 iusuper
1023 1417 1041 1456 a
1067 1399 1265 1456 coniunctione
1293 1403 1326 1454 ut

94 1526 246 1582 suspensa:
283 1510 311 1577 7,
329 1510 356 1570 7.
393 1510 530 1579 243,16.

180 1618 309 1693 Denique
332 1637 471 1692 praeseus
494 1622 668 1679 coniunctivi
691 1623 874 1679 statuendum
897 1618 968 1697 est¹)
991 1604 1097 1679 hocin
1120 1621 1263 1693 exemplo:

180 1725 250 1793 33,7
269 1725 317 1777 sed
336 1728 483 1793 antequam
502 1725 641 1778 naturales
660 1744 704 1779 res
723 1726 854 1795 incipiam
873 1726 1010 1795 explicare
1013 1767 1121 1793 .....
1141 1729 1314 1793 anteponam.

180 1823 314 1898 Sequitur
335 1831 368 1883 ut
390 1826 425 1883 de
447 1827 483 1883 iis
507 1827 599 1884 dicam
622 1828 768 1901 exemplis,
792 1844 865 1901 quae
887 1828 917 1884 in
932 1827 1070 1884 librorum
1085 1826 1227 1899 partibus,
1252 1841 1325 1898 quae

92 1927 163 1996 suut
183 1937 312 1994 historici
336 1937 462 2009 generis,
485 1937 681 1995 inveniuntur.

182 2041 240 2108 282,
254 2042 286 2092 15
317 2048 428 2110 postero
454 2042 498 2094 die
524 2042 657 2111 helepolis
685 2044 830 2111 accedeus,
857 2048 1004 2110 autequam
1028 2042 1265 2112 ⁴adpropinquaret
1292 2041 1326 2094 ad

90 2154 213 2204 murum,
232 2136 261 2188 in
279 2137 374 2189 umido
392 2136 523 2204 voragine
542 2137 616 2189 facta
635 2138 765 2191 consedit.

180 2253 305 2328 Quorum
328 2257 481 2313 verborum
504 2261 549 2312 est
571 2272 685 2315 sensus:
709 2257 762 2314 hoc
784 2256 974 2330 prohibuisse,
998 2256 1145 2327 quominus
1168 2253 1326 2310 111111111-

92 2365 260 2440 ungerer).
308 2364 393 2422 Alter
420 2372 465 2423 est
492 2367 569 2423 loeus
597 2368 714 2434 43,17.
755 2369 854 2437 Itaque
876 2370 966 2423 visum
990 2373 1032 2422 est
1055 2375 1203 2436 antequam
1226 2365 1328 2418 deside-

91 2475 204 2524 raretur
222 2513 227 2523 .
248 2513 253 2523 .
274 2513 279 2524 .
299 2513 305 2524 .
324 2488 467 2539 exponere.

180 2568 368 2630 Coniunctivo
390 2573 485 2629 inesse
509 2574 654 2630 notionem
675 2574 790 2630 iiualem
812 2574 1024 2647 apertissimum
1046 2577 1098 2630 111.

180 2682 371 2741 Transeamus
393 2700 468 2740 nunc
490 2684 528 2740 ad
552 2685 749 2756 exponendum
770 2702 852 2743 usum
875 2685 1115 2742 coniunctionum:

579 2831 658 2900 dum
681 2842 711 2894 11
733 2832 847 2902 donee.

182 2991 255 3050 Dum
278 2994 372 3050 sexies
395 2993 528 3052 occurrit.
574 2991 623 3049 Bis
645 2992 819 3051 indicativus
841 2992 983 3064 sequitur:

182 3099 268 3165 1016
295 3098 318 3150 11
336 3100 385 3165 (se.
405 3097 501 3165 cybus)
521 3115 584 3149 cum
603 3103 645 3150 est
663 3098 752 3150 iactus
771 3116 854 3168 quam
872 3097 902 3149 11
919 3101 1026 3167 partem
1045 3097 1183 3166 incubuit,
1202 3096 1268 3149 dum
1287 3100 1330 3150 111

96 3191 215 3245 intactus
234 3192 367 3244 inmotam
385 3191 469 3243 habet
488 3191 676 3245 stabilitatem.

181 3288 239 3354 212,
253 3288 287 3337 20
306 3329 311 3339 .
332 3329 337 3338 .
357 3329 363 3339 .
382 3285 448 3338 dum
467 3286 597 3339 vixerunt
614 3286 668 3356 ipsi
686 3286 759 3339 inter
777 3304 839 3339 suos
859 3286 932 3340 cives
950 3286 1107 3338 habuerunt
1124 3284 1306 3338 nobilitatem.

183 3403 243 3478 Quo
267 3404 407 3461 dictorum
431 3422 539 3476 genere
556 3405 748 3477 significatur,
771 3404 918 3476 utriusque
934 3403 1077 3461 enuntiati
1097 3403 1238 3460 actionem
1253 3403 1328 3460 idem

96 3530 148 3586 per
169 3517 306 3589 temporis
329 3517 454 3588 spatium
475 3532 645 3589 permanere
667 3516 715 3575 vel
737 3515 916 3589 pcimauisse
934 3514 1018 3571 -id
1040 3514 1114 3586 quod
1136 3531 1188 3572 uos
1204 3514 1327 3572 reddere

96 3625 217 3684 solemus
239 3628 451 3685 coniunctione:
475 3644 506 3684 sc
520 3628 619 3697 lange.

181 3752 243 3811 Duo
267 3760 333 3812 sunt
355 3756 419 3829 loci,
443 3755 598 3826 inquibus
623 3754 688 3811 dum
711 3754 902 3811 coniunctioni
925 3755 1002 3811 inest
1023 3754 1102 3811 notio
1125 3753 1327 3812 adversativa:

181 3860 251 3927 82,3
270 3902 276 3913 .
296 3902 301 3913 .
322 3902 327 3914 .
347 3864 425 3913 etex
447 3860 487 3912 cis
509 3876 646 3928 unapars
665 3858 694 3910 11
715 3858 807 3911 medio
825 3858 968 3912 cacumine
992 3857 1116 3926 tympani
1136 3857 1328 3925 constituatur,

96 3953 163 4006 dum
190 3958 286 4007 contra
312 3953 439 4023 epistylia
466 3954 711 4020 columnarumque
737 3952 946 4022 hypotrachelia
973 3952 1008 4005 ad
1034 3950 1264 4023 perpendiculum
1289 3969 1328 4004 re-

97 4047 239 4117 spondeat.

182 4143 224 4210 95,
237 4144 270 4193 18
288 4142 375 4210 ipsius
394 4146 485 4195 autem
505 4142 589 4194 cellae
607 4142 745 4211 parietum
763 4140 975 4195 crassitudinem
992 4158 1043 4211 pro
1062 4143 1123 4192 rata
1134 4142 1214 4207 parte
1225 4139 1328 4207 magni-

94 4235 200 4289 tudinis
210 4235 269 4288 fieri
283 4239 398 4304 oportet,
411 4234 477 4289 dum
487 4240 567 4289 antae
576 4253 672 4289 eorum
685 4234 914 4290 crassitudinibus
925 4236 1115 4289 columnarum
1125 4233 1181 4286 1111
1191 4234 1326 4303 aequales.

187 4434 209 4501 ¹)
229 4433 284 4485 Ofr.
303 4432 404 4485 Antou.
423 4433 440 4485 l.
454 4433 472 4485 l.
490 4450 553 4502 pag.
566 4433 589 4486 5.

186 4521 210 4588 2)
228 4518 373 4572 Eiusmodi
391 4519 518 4588 exempla
534 4520 624 4574 multa
641 4519 753 4574 exhibet
769 4519 900 4588 Draeger.
917 4518 966 4572 1.1.
985 4535 1047 4588 pag.
1060 4519 1118 4574 624.
