<?xml version="1.0" encoding="UTF-8"?>
<!DOCTYPE html PUBLIC "-//W3C//DTD XHTML 1.0 Transitional//EN"
    "http://www.w3.org/TR/xhtml1/DTD/xhtml1-transitional.dtd">
<html xmlns="http://www.w3.org/1999/xhtml" xml:lang="en" lang="en">
 <head>
  <title>
</title>
<meta http-equiv="Content-Type" content="text/html;charset=utf-8" />
  <meta name='ocr-system' content='tesseract 3.04.00' />
  <meta name='ocr-capabilities' content='ocr_page ocr_carea ocr_par ocr_line ocrx_word'/>
</head>
<body>
  <div class='ocr_page' id='page_1' title='image "./devitruviisermo00stocgoog_0013.png"; bbox 0 0 2850 4808; ppageno 0'>
   <div class='ocr_carea' id='block_1_1' title="bbox 620 210 807 265">
    <p class='ocr_par' dir='ltr' id='par_1_1' title="bbox 620 210 807 265">
     <span class='ocr_line' id='line_1_1' title="bbox 620 210 807 265; baseline -0.005 -16"><span class='ocrx_word' id='word_1_1' title='bbox 620 210 807 265; x_wconf 68' lang='lat' dir='ltr'>..g-</span> 
     </span>
    </p>
   </div>
   <div class='ocr_carea' id='block_1_2' title="bbox 97 395 1331 2033">
    <p class='ocr_par' dir='ltr' id='par_1_2' title="bbox 97 395 1331 2033">
     <span class='ocr_line' id='line_1_2' title="bbox 170 395 1331 468; baseline -0.002 -14"><span class='ocrx_word' id='word_1_2' title='bbox 170 396 348 455; x_wconf 40' lang='lat' dir='ltr'>vl&#39;muntiatis</span> <span class='ocrx_word' id='word_1_3' title='bbox 371 414 448 455; x_wconf 87' lang='lat' dir='ltr'>more</span> <span class='ocrx_word' id='word_1_4' title='bbox 471 396 678 468; x_wconf 72' lang='lat' dir='ltr'>temporalibus</span> <span class='ocrx_word' id='word_1_5' title='bbox 693 395 868 452; x_wconf 77' lang='lat' dir='ltr'>describItur</span> <span class='ocrx_word' id='word_1_6' title='bbox 890 400 920 452; x_wconf 91' lang='lat' dir='ltr'>et</span> <span class='ocrx_word' id='word_1_7' title='bbox 942 395 1103 467; x_wconf 81' lang='lat' dir='ltr'>explicatur</span> <span class='ocrx_word' id='word_1_8' title='bbox 1117 401 1169 453; x_wconf 90' lang='lat' dir='ltr'>aut</span> <span class='ocrx_word' id='word_1_9' title='bbox 1188 395 1331 467; x_wconf 89' lang='lat' dir='ltr'>temporis</span> 
     </span>
     <span class='ocr_line' id='line_1_3' title="bbox 98 506 1328 584; baseline -0.003 -16"><span class='ocrx_word' id='word_1_10' title='bbox 98 510 238 584; x_wconf 86' lang='lat' dir='ltr'>spatium,</span> <span class='ocrx_word' id='word_1_11' title='bbox 261 526 313 582; x_wconf 89' lang='lat' dir='ltr'>per</span> <span class='ocrx_word' id='word_1_12' title='bbox 327 510 409 582; x_wconf 90' lang='lat' dir='ltr'>quod</span> <span class='ocrx_word' id='word_1_13' title='bbox 431 509 506 567; x_wconf 86' lang='lat' dir='ltr'>actio</span> <span class='ocrx_word' id='word_1_14' title='bbox 519 525 521 528; x_wconf 74' lang='grc'>’</span> <span class='ocrx_word' id='word_1_15' title='bbox 528 507 668 582; x_wconf 88' lang='lat' dir='ltr'>primaria</span> <span class='ocrx_word' id='word_1_16' title='bbox 689 507 727 564; x_wconf 89' lang='lat' dir='ltr'>ad</span> <span class='ocrx_word' id='word_1_17' title='bbox 749 506 881 563; x_wconf 84' lang='lat' dir='ltr'>effectum</span> <span class='ocrx_word' id='word_1_18' title='bbox 908 507 1087 579; x_wconf 81' lang='lat' dir='ltr'>perducitur,</span> <span class='ocrx_word' id='word_1_19' title='bbox 1116 512 1167 564; x_wconf 92' lang='lat' dir='ltr'>aut</span> <span class='ocrx_word' id='word_1_20' title='bbox 1196 507 1226 564; x_wconf 92' lang='lat' dir='ltr'>id</span> <span class='ocrx_word' id='word_1_21' title='bbox 1251 511 1328 564; x_wconf 91' lang='lat' dir='ltr'>tem-</span> 
     </span>
     <span class='ocr_line' id='line_1_4' title="bbox 98 616 1328 695; baseline -0.003 -16"><span class='ocrx_word' id='word_1_22' title='bbox 98 622 176 695; x_wconf 89' lang='lat' dir='ltr'>poris</span> <span class='ocrx_word' id='word_1_23' title='bbox 198 624 382 690; x_wconf 87' lang='lat' dir='ltr'>momentum,</span> <span class='ocrx_word' id='word_1_24' title='bbox 405 635 460 693; x_wconf 89' lang='lat' dir='ltr'>quo</span> <span class='ocrx_word' id='word_1_25' title='bbox 483 620 558 677; x_wconf 90' lang='lat' dir='ltr'>actio</span> <span class='ocrx_word' id='word_1_26' title='bbox 581 619 632 676; x_wconf 93' lang='lat' dir='ltr'>illa</span> <span class='ocrx_word' id='word_1_27' title='bbox 654 618 762 678; x_wconf 88' lang='lat' dir='ltr'>evenit.</span> <span class='ocrx_word' id='word_1_28' title='bbox 807 616 848 675; x_wconf 85' lang='lat' dir='ltr'>Eo</span> <span class='ocrx_word' id='word_1_29' title='bbox 871 634 951 687; x_wconf 88' lang='lat' dir='ltr'>vero,</span> <span class='ocrx_word' id='word_1_30' title='bbox 975 619 1009 676; x_wconf 90' lang='lat' dir='ltr'>de</span> <span class='ocrx_word' id='word_1_31' title='bbox 1032 635 1086 691; x_wconf 95' lang='lat' dir='ltr'>quo</span> <span class='ocrx_word' id='word_1_32' title='bbox 1102 619 1229 690; x_wconf 79' lang='lat' dir='ltr'>agimus,</span> <span class='ocrx_word' id='word_1_33' title='bbox 1253 623 1328 676; x_wconf 91' lang='lat' dir='ltr'>tem-</span> 
     </span>
     <span class='ocr_line' id='line_1_5' title="bbox 99 727 1330 805; baseline -0.003 -15"><span class='ocrx_word' id='word_1_34' title='bbox 99 732 207 805; x_wconf 88' lang='lat' dir='ltr'>poralis</span> <span class='ocrx_word' id='word_1_35' title='bbox 233 736 397 791; x_wconf 73' lang='lat' dir='ltr'>structurae</span> <span class='ocrx_word' id='word_1_36' title='bbox 430 747 539 803; x_wconf 83' lang='lat' dir='ltr'>genere</span> <span class='ocrx_word' id='word_1_37' title='bbox 571 747 629 787; x_wconf 93' lang='lat' dir='ltr'>non</span> <span class='ocrx_word' id='word_1_38' title='bbox 661 734 821 802; x_wconf 91' lang='lat' dir='ltr'>temporum</span> <span class='ocrx_word' id='word_1_39' title='bbox 854 727 945 785; x_wconf 90' lang='lat' dir='ltr'>solum</span> <span class='ocrx_word' id='word_1_40' title='bbox 977 729 1053 786; x_wconf 90' lang='lat' dir='ltr'>ratio</span> <span class='ocrx_word' id='word_1_41' title='bbox 1087 729 1240 802; x_wconf 84' lang='lat' dir='ltr'>statuitur,</span> <span class='ocrx_word' id='word_1_42' title='bbox 1275 729 1330 786; x_wconf 92' lang='lat' dir='ltr'>sed</span> 
     </span>
     <span class='ocr_line' id='line_1_6' title="bbox 97 839 1328 916; baseline -0.002 -15"><span class='ocrx_word' id='word_1_43' title='bbox 97 844 225 916; x_wconf 87' lang='lat' dir='ltr'>ipsarum</span> <span class='ocrx_word' id='word_1_44' title='bbox 248 843 394 902; x_wconf 90' lang='lat' dir='ltr'>actionum·</span> <span class='ocrx_word' id='word_1_45' title='bbox 412 842 518 899; x_wconf 91' lang='lat' dir='ltr'>rationi</span> <span class='ocrx_word' id='word_1_46' title='bbox 540 841 585 899; x_wconf 90' lang='lat' dir='ltr'>vis</span> <span class='ocrx_word' id='word_1_47' title='bbox 607 840 746 898; x_wconf 89' lang='lat' dir='ltr'>tribuitur</span> <span class='ocrx_word' id='word_1_48' title='bbox 766 839 809 896; x_wconf 91' lang='lat' dir='ltr'>ita</span> <span class='ocrx_word' id='word_1_49' title='bbox 831 844 863 897; x_wconf 93' lang='lat' dir='ltr'>ut</span> <span class='ocrx_word' id='word_1_50' title='bbox 877 840 1097 912; x_wconf 82' lang='lat' dir='ltr'>intelligendum</span> <span class='ocrx_word' id='word_1_51' title='bbox 1112 841 1164 909; x_wconf 91' lang='lat' dir='ltr'>sit,</span> <span class='ocrx_word' id='word_1_52' title='bbox 1187 857 1251 898; x_wconf 92' lang='lat' dir='ltr'>cum</span> <span class='ocrx_word' id='word_1_53' title='bbox 1273 840 1328 899; x_wconf 92' lang='lat' dir='ltr'>hoc</span> 
     </span>
     <span class='ocr_line' id='line_1_7' title="bbox 99 946 1328 1027; baseline -0.002 -15"><span class='ocrx_word' id='word_1_54' title='bbox 99 954 137 1012; x_wconf 92' lang='lat' dir='ltr'>sit</span> <span class='ocrx_word' id='word_1_55' title='bbox 159 955 206 1013; x_wconf 83' lang='lat' dir='ltr'>vel</span> <span class='ocrx_word' id='word_1_56' title='bbox 227 954 330 1022; x_wconf 80' lang='lat' dir='ltr'>luerit,</span> <span class='ocrx_word' id='word_1_57' title='bbox 353 954 424 1011; x_wconf 90' lang='lat' dir='ltr'>illud</span> <span class='ocrx_word' id='word_1_58' title='bbox 438 953 564 1010; x_wconf 82' lang='lat' dir='ltr'>futurum</span> <span class='ocrx_word' id='word_1_59' title='bbox 587 968 651 1008; x_wconf 90' lang='lat' dir='ltr'>esse</span> <span class='ocrx_word' id='word_1_60' title='bbox 674 956 725 1009; x_wconf 88' lang='lat' dir='ltr'>aut</span> <span class='ocrx_word' id='word_1_61' title='bbox 747 966 860 1022; x_wconf 85' lang='lat' dir='ltr'>semper</span> <span class='ocrx_word' id='word_1_62' title='bbox 880 966 956 1027; x_wconf 59' lang='lat' dir='ltr'>esse,</span> <span class='ocrx_word' id='word_1_63' title='bbox 967 993 968 997; x_wconf 65' lang='lat'>,</span> <span class='ocrx_word' id='word_1_64' title='bbox 999 946 1071 1008; x_wconf 82' lang='lat' dir='ltr'>(lum</span> <span class='ocrx_word' id='word_1_65' title='bbox 1084 950 1178 1023; x_wconf 80' lang='lat' dir='ltr'>igitur</span> <span class='ocrx_word' id='word_1_66' title='bbox 1197 951 1328 1009; x_wconf 89' lang='lat' dir='ltr'>actiones</span> 
     </span>
     <span class='ocr_line' id='line_1_8' title="bbox 98 1062 1328 1143; baseline -0.002 -20"><span class='ocrx_word' id='word_1_67' title='bbox 98 1066 236 1138; x_wconf 87' lang='lat' dir='ltr'>primaria</span> <span class='ocrx_word' id='word_1_68' title='bbox 251 1071 289 1123; x_wconf 87' lang='lat' dir='ltr'>et</span> <span class='ocrx_word' id='word_1_69' title='bbox 310 1065 482 1122; x_wconf 90' lang='lat' dir='ltr'>secundaria</span> <span class='ocrx_word' id='word_1_70' title='bbox 504 1065 581 1121; x_wconf 88' lang='lat' dir='ltr'>inter</span> <span class='ocrx_word' id='word_1_71' title='bbox 607 1078 638 1119; x_wconf 88' lang='lat' dir='ltr'>se</span> <span class='ocrx_word' id='word_1_72' title='bbox 661 1062 862 1134; x_wconf 88' lang='lat' dir='ltr'>respondeant</span> <span class='ocrx_word' id='word_1_73' title='bbox 876 1063 973 1120; x_wconf 89' lang='lat' dir='ltr'>itaut</span> <span class='ocrx_word' id='word_1_74' title='bbox 998 1063 1122 1143; x_wconf 81' lang='lat' dir='ltr'>alterum</span> <span class='ocrx_word' id='word_1_75' title='bbox 1152 1063 1328 1121; x_wconf 86' lang='lat' dir='ltr'>antecedens</span> 
     </span>
     <span class='ocr_line' id='line_1_9' title="bbox 99 1173 1329 1248; baseline 0.001 -14"><span class='ocrx_word' id='word_1_76' title='bbox 99 1178 262 1234; x_wconf 88' lang='lat' dir='ltr'>necessario</span> <span class='ocrx_word' id='word_1_77' title='bbox 285 1182 315 1234; x_wconf 87' lang='lat' dir='ltr'>ot</span> <span class='ocrx_word' id='word_1_78' title='bbox 336 1181 503 1234; x_wconf 87' lang='lat' dir='ltr'>constanter</span> <span class='ocrx_word' id='word_1_79' title='bbox 525 1178 663 1248; x_wconf 90' lang='lat' dir='ltr'>sequatur</span> <span class='ocrx_word' id='word_1_80' title='bbox 685 1173 809 1231; x_wconf 91' lang='lat' dir='ltr'>alterum</span> <span class='ocrx_word' id='word_1_81' title='bbox 830 1191 1021 1247; x_wconf 86' lang='lat' dir='ltr'>consequens,</span> <span class='ocrx_word' id='word_1_82' title='bbox 1045 1175 1083 1233; x_wconf 90' lang='lat' dir='ltr'>ad</span> <span class='ocrx_word' id='word_1_83' title='bbox 1104 1177 1329 1242; x_wconf 87' lang='lat' dir='ltr'>illaenuntiata</span> 
     </span>
     <span class='ocr_line' id='line_1_10' title="bbox 99 1260 1329 1360; baseline 0.001 -13"><span class='ocrx_word' id='word_1_84' title='bbox 99 1306 202 1347; x_wconf 89' lang='lat' dir='ltr'>acum</span> <span class='ocrx_word' id='word_1_85' title='bbox 225 1305 348 1360; x_wconf 82' lang='lat' dir='ltr'>superisa</span> <span class='ocrx_word' id='word_1_86' title='bbox 371 1292 401 1345; x_wconf 90' lang='lat' dir='ltr'>et</span> <span class='ocrx_word' id='word_1_87' title='bbox 429 1287 545 1360; x_wconf 87' lang='lat' dir='ltr'>proprie</span> <span class='ocrx_word' id='word_1_88' title='bbox 568 1284 739 1358; x_wconf 90' lang='lat' dir='ltr'>temporalia</span> <span class='ocrx_word' id='word_1_89' title='bbox 761 1285 873 1343; x_wconf 90' lang='lat' dir='ltr'>accedit</span> <span class='ocrx_word' id='word_1_90' title='bbox 894 1287 971 1343; x_wconf 90' lang='lat' dir='ltr'>notio</span> <span class='ocrx_word' id='word_1_91' title='bbox 999 1260 1278 1359; x_wconf 78' lang='lat' dir='ltr'>condicionalisita¹</span> <span class='ocrx_word' id='word_1_92' title='bbox 1294 1294 1329 1348; x_wconf 91' lang='lat' dir='ltr'>ut</span> 
     </span>
     <span class='ocr_line' id='line_1_11' title="bbox 98 1396 1328 1471; baseline 0.001 -13"><span class='ocrx_word' id='word_1_93' title='bbox 98 1401 188 1459; x_wconf 92' lang='lat' dir='ltr'>insint</span> <span class='ocrx_word' id='word_1_94' title='bbox 211 1404 241 1456; x_wconf 91' lang='lat' dir='ltr'>et</span> <span class='ocrx_word' id='word_1_95' title='bbox 263 1399 399 1471; x_wconf 87' lang='lat' dir='ltr'>temporis</span> <span class='ocrx_word' id='word_1_96' title='bbox 426 1403 456 1456; x_wconf 92' lang='lat' dir='ltr'>et</span> <span class='ocrx_word' id='word_1_97' title='bbox 481 1397 655 1456; x_wconf 88' lang='lat' dir='ltr'>condicionis</span> <span class='ocrx_word' id='word_1_98' title='bbox 684 1396 816 1454; x_wconf 88' lang='lat' dir='ltr'>notiones</span> <span class='ocrx_word' id='word_1_99' title='bbox 842 1399 1013 1469; x_wconf 86' lang='lat' dir='ltr'>permixtae.</span> <span class='ocrx_word' id='word_1_100' title='bbox 1059 1399 1164 1458; x_wconf 89' lang='lat' dir='ltr'>Nostro</span> <span class='ocrx_word' id='word_1_101' title='bbox 1196 1417 1328 1464; x_wconf 89' lang='lat' dir='ltr'>sermone</span> 
     </span>
     <span class='ocr_line' id='line_1_12' title="bbox 99 1486 1328 1596; baseline 0.001 -27"><span class='ocrx_word' id='word_1_102' title='bbox 99 1511 260 1570; x_wconf 90' lang='lat' dir='ltr'>coniunctio</span> <span class='ocrx_word' id='word_1_103' title='bbox 282 1511 397 1582; x_wconf 90' lang='lat' dir='ltr'>proprie</span> <span class='ocrx_word' id='word_1_104' title='bbox 420 1509 636 1569; x_wconf 87' lang='lat' dir='ltr'>condicionalis:</span> <span class='ocrx_word' id='word_1_105' title='bbox 659 1525 758 1577; x_wconf 85' lang='lat' dir='ltr'>wenn,</span> <span class='ocrx_word' id='word_1_106' title='bbox 781 1486 849 1565; x_wconf 79' lang='lat' dir='ltr'>usis</span> <span class='ocrx_word' id='word_1_107' title='bbox 871 1508 974 1581; x_wconf 81' lang='lat' dir='ltr'>linibus</span> <span class='ocrx_word' id='word_1_108' title='bbox 989 1512 1189 1596; x_wconf 76' lang='lat' dir='ltr'>propagatis,</span> <span class='ocrx_word' id='word_1_109' title='bbox 1204 1512 1328 1572; x_wconf 90' lang='lat' dir='ltr'>alteram</span> 
     </span>
     <span class='ocr_line' id='line_1_13' title="bbox 99 1620 1328 1696; baseline 0.001 -16"><span class='ocrx_word' id='word_1_110' title='bbox 99 1622 341 1681; x_wconf 89' lang='lat' dir='ltr'>coniunctionem:</span> <span class='ocrx_word' id='word_1_111' title='bbox 365 1638 451 1679; x_wconf 88' lang='lat' dir='ltr'>warm</span> <span class='ocrx_word' id='word_1_112' title='bbox 474 1638 507 1679; x_wconf 92' lang='lat' dir='ltr'>eo</span> <span class='ocrx_word' id='word_1_113' title='bbox 524 1638 559 1678; x_wconf 86' lang='lat' dir='ltr'>ex</span> <span class='ocrx_word' id='word_1_114' title='bbox 581 1637 649 1689; x_wconf 85' lang='lat' dir='ltr'>usu,</span> <span class='ocrx_word' id='word_1_115' title='bbox 673 1620 708 1677; x_wconf 92' lang='lat' dir='ltr'>de</span> <span class='ocrx_word' id='word_1_116' title='bbox 732 1638 786 1694; x_wconf 92' lang='lat' dir='ltr'>quo</span> <span class='ocrx_word' id='word_1_117' title='bbox 802 1621 928 1692; x_wconf 62' lang='lat' dir='ltr'>agimus</span> <span class='ocrx_word' id='word_1_118' title='bbox 952 1621 1037 1693; x_wconf 90' lang='lat' dir='ltr'>plane</span> <span class='ocrx_word' id='word_1_119' title='bbox 1054 1622 1172 1696; x_wconf 87' lang='lat' dir='ltr'>expulit.</span> <span class='ocrx_word' id='word_1_120' title='bbox 1218 1620 1328 1682; x_wconf 84' lang='lat' dir='ltr'>Contra</span> 
     </span>
     <span class='ocr_line' id='line_1_14' title="bbox 99 1731 1328 1806; baseline 0.001 -15"><span class='ocrx_word' id='word_1_121' title='bbox 99 1732 267 1791; x_wconf 88' lang='lat' dir='ltr'>Latinorum</span> <span class='ocrx_word' id='word_1_122' title='bbox 301 1733 476 1804; x_wconf 85' lang='lat' dir='ltr'>coniunctio</span> <span class='ocrx_word' id='word_1_123' title='bbox 494 1733 610 1805; x_wconf 90' lang='lat' dir='ltr'>proprie</span> <span class='ocrx_word' id='word_1_124' title='bbox 637 1732 817 1804; x_wconf 88' lang='lat' dir='ltr'>temporalis:</span> <span class='ocrx_word' id='word_1_125' title='bbox 852 1749 915 1789; x_wconf 89' lang='lat' dir='ltr'>cum</span> <span class='ocrx_word' id='word_1_126' title='bbox 942 1731 1029 1789; x_wconf 90' lang='lat' dir='ltr'>latius</span> <span class='ocrx_word' id='word_1_127' title='bbox 1056 1738 1138 1806; x_wconf 89' lang='lat' dir='ltr'>patet</span> <span class='ocrx_word' id='word_1_128' title='bbox 1152 1734 1260 1801; x_wconf 49' lang='lat' dir='ltr'>¹et,.ad</span> <span class='ocrx_word' id='word_1_129' title='bbox 1290 1751 1328 1792; x_wconf 89' lang='lat' dir='ltr'>ea</span> 
     </span>
     <span class='ocr_line' id='line_1_15' title="bbox 97 1843 1328 1918; baseline 0 -17"><span class='ocrx_word' id='word_1_130' title='bbox 97 1845 225 1918; x_wconf 88' lang='lat' dir='ltr'>pertinet</span> <span class='ocrx_word' id='word_1_131' title='bbox 262 1845 426 1910; x_wconf 85' lang='lat' dir='ltr'>enuntiata,</span> <span class='ocrx_word' id='word_1_132' title='bbox 459 1844 493 1901; x_wconf 91' lang='lat' dir='ltr'>in</span> <span class='ocrx_word' id='word_1_133' title='bbox 522 1844 625 1917; x_wconf 94' lang='lat' dir='ltr'>quibus</span> <span class='ocrx_word' id='word_1_134' title='bbox 662 1859 714 1900; x_wconf 88' lang='lat' dir='ltr'>nos</span> <span class='ocrx_word' id='word_1_135' title='bbox 747 1843 860 1916; x_wconf 87' lang='lat' dir='ltr'>quidem</span> <span class='ocrx_word' id='word_1_136' title='bbox 893 1843 943 1901; x_wconf 83' lang='lat' dir='ltr'>vix</span> <span class='ocrx_word' id='word_1_137' title='bbox 976 1844 1127 1917; x_wconf 91' lang='lat' dir='ltr'>quicquam</span> <span class='ocrx_word' id='word_1_138' title='bbox 1159 1845 1328 1918; x_wconf 85' lang='lat' dir='ltr'>temporalis</span> 
     </span>
     <span class='ocr_line' id='line_1_16' title="bbox 98 1951 1325 2033; baseline 0.001 -19"><span class='ocrx_word' id='word_1_139' title='bbox 98 1956 222 2014; x_wconf 89' lang='lat' dir='ltr'>notionis</span> <span class='ocrx_word' id='word_1_140' title='bbox 244 1955 393 2028; x_wconf 90' lang='lat' dir='ltr'>percipere</span> <span class='ocrx_word' id='word_1_141' title='bbox 416 1970 574 2033; x_wconf 83' lang='lat' dir='ltr'>possumus.</span> <span class='ocrx_word' id='word_1_142' title='bbox 594 1951 816 2027; x_wconf 84' lang='lat' dir='ltr'>-Exemplum</span> <span class='ocrx_word' id='word_1_143' title='bbox 830 1971 917 2012; x_wconf 91' lang='lat' dir='ltr'>unum</span> <span class='ocrx_word' id='word_1_144' title='bbox 930 1972 956 2012; x_wconf 86' lang='lat' dir='ltr'>o</span> <span class='ocrx_word' id='word_1_145' title='bbox 978 1956 1075 2020; x_wconf 73' lang='lat' dir='ltr'>miultis</span> <span class='ocrx_word' id='word_1_146' title='bbox 1098 1956 1202 2014; x_wconf 84' lang='lat' dir='ltr'>afferre</span> <span class='ocrx_word' id='word_1_147' title='bbox 1224 1957 1325 2027; x_wconf 85' lang='lat' dir='ltr'>liceat:</span> 
     </span>
    </p>
   </div>
   <div class='ocr_carea' id='block_1_3' title="bbox 9 2058 1328 2130">
    <p class='ocr_par' dir='ltr' id='par_1_3' title="bbox 9 2058 1328 2130">
     <span class='ocr_line' id='line_1_17' title="bbox 9 2058 1328 2130; baseline 0 -16"><span class='ocrx_word' id='word_1_148' title='bbox 9 2074 30 2115; x_wconf 92' lang='grc'>·.</span> <span class='ocrx_word' id='word_1_149' title='bbox 98 2062 192 2130; x_wconf 71' lang='lat' dir='ltr'>acam</span> <span class='ocrx_word' id='word_1_150' title='bbox 213 2077 332 2127; x_wconf 84' lang='lat' dir='ltr'>namque</span> <span class='ocrx_word' id='word_1_151' title='bbox 355 2058 586 2126; x_wconf 85' lang='lat' dir='ltr'>quemadmodum</span> <span class='ocrx_word' id='word_1_152' title='bbox 609 2059 702 2112; x_wconf 86' lang='lat' dir='ltr'>vectis.</span> <span class='ocrx_word' id='word_1_153' title='bbox 717 2077 780 2111; x_wconf 90' lang='lat' dir='ltr'>cum</span> <span class='ocrx_word' id='word_1_154' title='bbox 803 2064 845 2112; x_wconf 90' lang='lat' dir='ltr'>est</span> <span class='ocrx_word' id='word_1_155' title='bbox 866 2059 1038 2127; x_wconf 81' lang='lat' dir='ltr'>longitudine</span> <span class='ocrx_word' id='word_1_156' title='bbox 1061 2060 1163 2128; x_wconf 88' lang='lat' dir='ltr'>pedum</span> <span class='ocrx_word' id='word_1_157' title='bbox 1187 2061 1224 2128; x_wconf 91' lang='lat' dir='ltr'>V,</span> <span class='ocrx_word' id='word_1_158' title='bbox 1252 2062 1328 2129; x_wconf 84' lang='lat' dir='ltr'>quod</span> 
     </span>
    </p>
   </div>
   <div class='ocr_carea' id='block_1_4' title="bbox 99 2152 1326 2233">
    <p class='ocr_par' dir='ltr' id='par_1_4' title="bbox 99 2152 1326 2233">
     <span class='ocr_line' id='line_1_18' title="bbox 99 2152 1326 2233; baseline 0 -25"><span class='ocrx_word' id='word_1_159' title='bbox 99 2173 167 2208; x_wconf 91' lang='lat' dir='ltr'>onus</span> <span class='ocrx_word' id='word_1_160' title='bbox 186 2155 230 2207; x_wconf 90' lang='grc' dir='ltr'>ΙΙΙ</span> <span class='ocrx_word' id='word_1_161' title='bbox 248 2154 406 2207; x_wconf 91' lang='lat' dir='ltr'>hominibus</span> <span class='ocrx_word' id='word_1_162' title='bbox 419 2153 535 2220; x_wconf 86' lang='lat' dir='ltr'>extollit,</span> <span class='ocrx_word' id='word_1_163' title='bbox 554 2152 583 2204; x_wconf 93' lang='lat' dir='ltr'>id</span> <span class='ocrx_word' id='word_1_164' title='bbox 596 2171 658 2205; x_wconf 90' lang='lat' dir='ltr'>cum</span> <span class='ocrx_word' id='word_1_165' title='bbox 672 2158 715 2205; x_wconf 93' lang='lat' dir='ltr'>est</span> <span class='ocrx_word' id='word_1_166' title='bbox 726 2153 751 2205; x_wconf 90' lang='lat' dir='ltr'>X</span> <span class='ocrx_word' id='word_1_167' title='bbox 770 2154 876 2207; x_wconf 88' lang='lat' dir='ltr'>duobus</span> <span class='ocrx_word' id='word_1_168' title='bbox 895 2154 996 2233; x_wconf 75' lang='lat' dir='ltr'>elevat,</span> <span class='ocrx_word' id='word_1_169' title='bbox 1008 2154 1110 2227; x_wconf 24' lang='lat' dir='ltr'>leodem</span> <span class='ocrx_word' id='word_1_170' title='bbox 1129 2156 1210 2208; x_wconf 90' lang='lat' dir='ltr'>modo</span> <span class='ocrx_word' id='word_1_171' title='bbox 1229 2160 1279 2208; x_wconf 89' lang='lat' dir='ltr'>cet.</span> <span class='ocrx_word' id='word_1_172' title='bbox 1294 2188 1326 2194; x_wconf 93' lang='lat'><em>-</em></span> 
     </span>
    </p>
   </div>
   <div class='ocr_carea' id='block_1_5' title="bbox 100 2280 1402 3024">
    <p class='ocr_par' dir='ltr' id='par_1_5' title="bbox 100 2280 1402 3024">
     <span class='ocr_line' id='line_1_19' title="bbox 185 2280 1402 2360; baseline 0.001 -21"><span class='ocrx_word' id='word_1_173' title='bbox 185 2280 286 2357; x_wconf 85' lang='lat' dir='ltr'>Itaque</span> <span class='ocrx_word' id='word_1_174' title='bbox 309 2283 346 2339; x_wconf 96' lang='lat' dir='ltr'>ab</span> <span class='ocrx_word' id='word_1_175' title='bbox 369 2280 527 2338; x_wconf 91' lang='lat' dir='ltr'>enuntiatis</span> <span class='ocrx_word' id='word_1_176' title='bbox 549 2297 567 2337; x_wconf 96' lang='lat' dir='ltr'>a</span> <span class='ocrx_word' id='word_1_177' title='bbox 589 2297 652 2337; x_wconf 91' lang='lat' dir='ltr'>cum</span> <span class='ocrx_word' id='word_1_178' title='bbox 675 2281 820 2353; x_wconf 85' lang='lat' dir='ltr'>suspensis</span> <span class='ocrx_word' id='word_1_179' title='bbox 840 2281 917 2338; x_wconf 92' lang='lat' dir='ltr'>haud</span> <span class='ocrx_word' id='word_1_180' title='bbox 935 2282 979 2339; x_wconf 93' lang='lat' dir='ltr'>ita</span> <span class='ocrx_word' id='word_1_181' title='bbox 993 2284 1113 2341; x_wconf 91' lang='lat' dir='ltr'>multum</span> <span class='ocrx_word' id='word_1_182' title='bbox 1135 2281 1248 2360; x_wconf 81' lang='lat' dir='ltr'>deflexa</span> <span class='ocrx_word' id='word_1_183' title='bbox 1262 2289 1330 2341; x_wconf 89' lang='lat' dir='ltr'>suut</span> <span class='ocrx_word' id='word_1_184' title='bbox 1400 2310 1402 2314; x_wconf 31' lang='lat'>⁸</span> 
     </span>
     <span class='ocr_line' id='line_1_20' title="bbox 100 2390 1330 2468; baseline 0.001 -15"><span class='ocrx_word' id='word_1_185' title='bbox 100 2412 149 2465; x_wconf 91' lang='lat' dir='ltr'>ea,</span> <span class='ocrx_word' id='word_1_186' title='bbox 183 2411 256 2467; x_wconf 87' lang='lat' dir='ltr'>quae</span> <span class='ocrx_word' id='word_1_187' title='bbox 285 2392 512 2451; x_wconf 89' lang='lat' dir='ltr'>coniunctionem</span> <span class='ocrx_word' id='word_1_188' title='bbox 539 2392 563 2448; x_wconf 90' lang='lat' dir='ltr'>si</span> <span class='ocrx_word' id='word_1_189' title='bbox 590 2391 620 2448; x_wconf 94' lang='lat' dir='ltr'>in</span> <span class='ocrx_word' id='word_1_190' title='bbox 650 2391 748 2449; x_wconf 81' lang='lat' dir='ltr'>fronte</span> <span class='ocrx_word' id='word_1_191' title='bbox 774 2397 898 2463; x_wconf 74' lang='lat' dir='ltr'>gerunt.</span> <span class='ocrx_word' id='word_1_192' title='bbox 943 2390 1042 2465; x_wconf 89' lang='lat' dir='ltr'>Neque</span> <span class='ocrx_word' id='word_1_193' title='bbox 1066 2394 1140 2468; x_wconf 88' lang='lat' dir='ltr'>enim</span> <span class='ocrx_word' id='word_1_194' title='bbox 1174 2400 1219 2451; x_wconf 89' lang='lat' dir='ltr'>est</span> <span class='ocrx_word' id='word_1_195' title='bbox 1251 2396 1330 2456; x_wconf 88' lang='lat' dir='ltr'>inter</span> 
     </span>
     <span class='ocr_line' id='line_1_21' title="bbox 100 2503 1329 2578; baseline -0.001 -14"><span class='ocrx_word' id='word_1_196' title='bbox 100 2506 247 2578; x_wconf 87' lang='lat' dir='ltr'>utriusque</span> <span class='ocrx_word' id='word_1_197' title='bbox 276 2505 392 2576; x_wconf 84' lang='lat' dir='ltr'>generis</span> <span class='ocrx_word' id='word_1_198' title='bbox 415 2503 547 2575; x_wconf 89' lang='lat' dir='ltr'>exempla</span> <span class='ocrx_word' id='word_1_199' title='bbox 573 2503 726 2560; x_wconf 90' lang='lat' dir='ltr'>discrimen</span> <span class='ocrx_word' id='word_1_200' title='bbox 755 2504 811 2560; x_wconf 90' lang='lat' dir='ltr'>nisi</span> <span class='ocrx_word' id='word_1_201' title='bbox 837 2504 912 2576; x_wconf 93' lang='lat' dir='ltr'>quod</span> <span class='ocrx_word' id='word_1_202' title='bbox 934 2504 1082 2576; x_wconf 88' lang='lat' dir='ltr'>scriptoris</span> <span class='ocrx_word' id='word_1_203' title='bbox 1109 2506 1202 2563; x_wconf 90' lang='lat' dir='ltr'>animo</span> <span class='ocrx_word' id='word_1_204' title='bbox 1232 2507 1262 2563; x_wconf 93' lang='lat' dir='ltr'>in</span> <span class='ocrx_word' id='word_1_205' title='bbox 1283 2506 1329 2564; x_wconf 91' lang='lat' dir='ltr'>his</span> 
     </span>
     <span class='ocr_line' id='line_1_22' title="bbox 101 2613 1328 2690; baseline 0 -15"><span class='ocrx_word' id='word_1_206' title='bbox 101 2618 195 2689; x_wconf 87' lang='lat' dir='ltr'>magis</span> <span class='ocrx_word' id='word_1_207' title='bbox 210 2616 288 2673; x_wconf 91' lang='lat' dir='ltr'>notio</span> <span class='ocrx_word' id='word_1_208' title='bbox 304 2614 519 2683; x_wconf 66' lang='lat' dir='ltr'>condicionalis</span> <span class='ocrx_word' id='word_1_209' title='bbox 543 2614 573 2671; x_wconf 92' lang='lat' dir='ltr'>in</span> <span class='ocrx_word' id='word_1_210' title='bbox 588 2613 646 2671; x_wconf 93' lang='lat' dir='ltr'>illis</span> <span class='ocrx_word' id='word_1_211' title='bbox 660 2615 755 2687; x_wconf 83' lang='lat' dir='ltr'>magis</span> <span class='ocrx_word' id='word_1_212' title='bbox 776 2614 943 2686; x_wconf 87' lang='lat' dir='ltr'>temporalis</span> <span class='ocrx_word' id='word_1_213' title='bbox 958 2616 1114 2674; x_wconf 92' lang='lat' dir='ltr'>obversata</span> <span class='ocrx_word' id='word_1_214' title='bbox 1129 2622 1182 2676; x_wconf 87' lang='lat' dir='ltr'>ost.</span> <span class='ocrx_word' id='word_1_215' title='bbox 1229 2617 1328 2690; x_wconf 91' lang='lat' dir='ltr'>Neque</span> 
     </span>
     <span class='ocr_line' id='line_1_23' title="bbox 101 2725 1328 2803; baseline -0.001 -16"><span class='ocrx_word' id='word_1_216' title='bbox 101 2728 282 2795; x_wconf 88' lang='lat' dir='ltr'>mirabimur,</span> <span class='ocrx_word' id='word_1_217' title='bbox 315 2727 389 2801; x_wconf 91' lang='lat' dir='ltr'>qnod</span> <span class='ocrx_word' id='word_1_218' title='bbox 420 2725 582 2794; x_wconf 89' lang='lat' dir='ltr'>Vitruvius,</span> <span class='ocrx_word' id='word_1_219' title='bbox 616 2741 700 2798; x_wconf 92' lang='lat' dir='ltr'>quem</span> <span class='ocrx_word' id='word_1_220' title='bbox 731 2726 880 2784; x_wconf 91' lang='lat' dir='ltr'>dictionis.</span> <span class='ocrx_word' id='word_1_221' title='bbox 902 2726 1074 2799; x_wconf 70' lang='lat' dir='ltr'>paritatem?</span> <span class='ocrx_word' id='word_1_222' title='bbox 1111 2733 1141 2785; x_wconf 90' lang='lat' dir='ltr'>et</span> <span class='ocrx_word' id='word_1_223' title='bbox 1169 2729 1328 2803; x_wconf 89' lang='lat' dir='ltr'>aequabili-</span> 
     </span>
     <span class='ocr_line' id='line_1_24' title="bbox 101 2837 1330 2907; baseline -0.001 -9"><span class='ocrx_word' id='word_1_224' title='bbox 101 2845 191 2898; x_wconf 87' lang='lat' dir='ltr'>tatem</span> <span class='ocrx_word' id='word_1_225' title='bbox 220 2839 335 2896; x_wconf 90' lang='lat' dir='ltr'>minime</span> <span class='ocrx_word' id='word_1_226' title='bbox 364 2841 531 2894; x_wconf 87' lang='lat' dir='ltr'>constanter</span> <span class='ocrx_word' id='word_1_227' title='bbox 559 2838 729 2895; x_wconf 89' lang='lat' dir='ltr'>observasse</span> <span class='ocrx_word' id='word_1_228' title='bbox 756 2838 813 2894; x_wconf 89' lang='lat' dir='ltr'>iarn</span> <span class='ocrx_word' id='word_1_229' title='bbox 841 2837 978 2907; x_wconf 75' lang='lat' dir='ltr'>diximuS,</span> <span class='ocrx_word' id='word_1_230' title='bbox 1005 2838 1218 2896; x_wconf 90' lang='lat' dir='ltr'>coniunctiones</span> <span class='ocrx_word' id='word_1_231' title='bbox 1246 2841 1270 2897; x_wconf 91' lang='lat' dir='ltr'>si</span> <span class='ocrx_word' id='word_1_232' title='bbox 1299 2845 1330 2898; x_wconf 91' lang='lat' dir='ltr'>et</span> 
     </span>
     <span class='ocr_line' id='line_1_25' title="bbox 101 2948 1327 3024; baseline -0.002 -14"><span class='ocrx_word' id='word_1_233' title='bbox 101 2969 164 3011; x_wconf 92' lang='lat' dir='ltr'>cum</span> <span class='ocrx_word' id='word_1_234' title='bbox 197 2967 283 3022; x_wconf 89' lang='lat' dir='ltr'>saepe</span> <span class='ocrx_word' id='word_1_235' title='bbox 316 2949 359 3006; x_wconf 89' lang='lat' dir='ltr'>ita</span> <span class='ocrx_word' id='word_1_236' title='bbox 391 2948 562 3020; x_wconf 90' lang='lat' dir='ltr'>composuit,</span> <span class='ocrx_word' id='word_1_237' title='bbox 594 2952 627 3005; x_wconf 91' lang='lat' dir='ltr'>ut</span> <span class='ocrx_word' id='word_1_238' title='bbox 659 2949 754 3006; x_wconf 83' lang='lat' dir='ltr'>altera</span> <span class='ocrx_word' id='word_1_239' title='bbox 791 2949 877 3007; x_wconf 91' lang='lat' dir='ltr'>alteri</span> <span class='ocrx_word' id='word_1_240' title='bbox 913 2950 1090 3024; x_wconf 90' lang='lat' dir='ltr'>respondens</span> <span class='ocrx_word' id='word_1_241' title='bbox 1127 2951 1327 3024; x_wconf 88' lang='lat' dir='ltr'>subsequatur,</span> 
     </span>
    </p>
   </div>
   <div class='ocr_carea' id='block_1_6' title="bbox 101 3063 195 3123">
    <p class='ocr_par' dir='ltr' id='par_1_6' title="bbox 101 3063 195 3123">
     <span class='ocr_line' id='line_1_26' title="bbox 101 3063 195 3123; baseline 0.021 -2"><span class='ocrx_word' id='word_1_242' title='bbox 101 3063 195 3123; x_wconf 87' lang='lat' dir='ltr'>velut:</span> 
     </span>
    </p>
   </div>
   <div class='ocr_carea' id='block_1_7' title="bbox 101 3190 1329 3544">
    <p class='ocr_par' dir='ltr' id='par_1_7' title="bbox 101 3190 1329 3544">
     <span class='ocr_line' id='line_1_27' title="bbox 187 3190 1329 3261; baseline 0.002 -16"><span class='ocrx_word' id='word_1_243' title='bbox 187 3193 278 3260; x_wconf 82' lang='lat'>141,21</span> <span class='ocrx_word' id='word_1_244' title='bbox 308 3191 438 3256; x_wconf 82' lang='lat' dir='ltr'>Tublino,</span> <span class='ocrx_word' id='word_1_245' title='bbox 465 3190 488 3243; x_wconf 92' lang='lat' dir='ltr'>si</span> <span class='ocrx_word' id='word_1_246' title='bbox 515 3190 633 3244; x_wconf 90' lang='lat' dir='ltr'>latitudo</span> <span class='ocrx_word' id='word_1_247' title='bbox 660 3190 724 3242; x_wconf 89' lang='lat' dir='ltr'>atrii</span> <span class='ocrx_word' id='word_1_248' title='bbox 751 3191 805 3244; x_wconf 87' lang='lat' dir='ltr'>erit</span> <span class='ocrx_word' id='word_1_249' title='bbox 831 3191 932 3260; x_wconf 87' lang='lat' dir='ltr'>pedum</span> <span class='ocrx_word' id='word_1_250' title='bbox 959 3192 1216 3261; x_wconf 84' lang='lat' dir='ltr'>viginti,-&#39;dempta</span> <span class='ocrx_word' id='word_1_251' title='bbox 1246 3194 1329 3247; x_wconf 89' lang='lat' dir='ltr'>tertia</span> 
     </span>
     <span class='ocr_line' id='line_1_28' title="bbox 101 3284 1328 3357; baseline -0.002 -15"><span class='ocrx_word' id='word_1_252' title='bbox 101 3288 159 3342; x_wconf 87' lang='lat' dir='ltr'>eius</span> <span class='ocrx_word' id='word_1_253' title='bbox 171 3287 280 3357; x_wconf 85' lang='lat' dir='ltr'>spatie,</span> <span class='ocrx_word' id='word_1_254' title='bbox 298 3285 436 3354; x_wconf 88' lang='lat' dir='ltr'>reliquum</span> <span class='ocrx_word' id='word_1_255' title='bbox 455 3285 601 3338; x_wconf 86' lang='lat' dir='ltr'>tribuatur.</span> <span class='ocrx_word' id='word_1_256' title='bbox 622 3284 644 3337; x_wconf 90' lang='lat' dir='ltr'>si</span> <span class='ocrx_word' id='word_1_257' title='bbox 663 3284 716 3338; x_wconf 88' lang='lat' dir='ltr'>erit</span> <span class='ocrx_word' id='word_1_258' title='bbox 734 3285 768 3338; x_wconf 91' lang='lat' dir='ltr'>ab</span> <span class='ocrx_word' id='word_1_259' title='bbox 786 3286 903 3354; x_wconf 88' lang='lat' dir='ltr'>pedibus</span> <span class='ocrx_word' id='word_1_260' title='bbox 922 3285 1000 3338; x_wconf 88' lang='lat' dir='ltr'>XXX</span> <span class='ocrx_word' id='word_1_261' title='bbox 1023 3287 1057 3339; x_wconf 91' lang='lat' dir='ltr'>ad</span> <span class='ocrx_word' id='word_1_262' title='bbox 1076 3286 1136 3354; x_wconf 91' lang='lat' dir='ltr'>XL,</span> <span class='ocrx_word' id='word_1_263' title='bbox 1160 3305 1192 3340; x_wconf 88' lang='lat' dir='ltr'>ex</span> <span class='ocrx_word' id='word_1_264' title='bbox 1212 3288 1275 3340; x_wconf 87' lang='lat' dir='ltr'>atrii</span> <span class='ocrx_word' id='word_1_265' title='bbox 1293 3289 1328 3341; x_wconf 91' lang='lat' dir='ltr'>la·</span> 
     </span>
     <span class='ocr_line' id='line_1_29' title="bbox 101 3379 1328 3449; baseline -0.001 -14"><span class='ocrx_word' id='word_1_266' title='bbox 101 3382 219 3436; x_wconf 87' lang='lat' dir='ltr'>titudine</span> <span class='ocrx_word' id='word_1_267' title='bbox 238 3381 343 3434; x_wconf 91' lang='lat' dir='ltr'>tablino</span> <span class='ocrx_word' id='word_1_268' title='bbox 361 3379 507 3432; x_wconf 90' lang='lat' dir='ltr'>dimidium</span> <span class='ocrx_word' id='word_1_269' title='bbox 524 3380 670 3433; x_wconf 79' lang='lat' dir='ltr'>tribuatur.</span> <span class='ocrx_word' id='word_1_270' title='bbox 690 3398 752 3432; x_wconf 93' lang='lat' dir='ltr'>cum</span> <span class='ocrx_word' id='word_1_271' title='bbox 766 3384 858 3436; x_wconf 89' lang='lat' dir='ltr'>autem</span> <span class='ocrx_word' id='word_1_272' title='bbox 877 3380 911 3432; x_wconf 88' lang='lat' dir='ltr'>ab</span> <span class='ocrx_word' id='word_1_273' title='bbox 930 3379 978 3432; x_wconf 89' lang='lat' dir='ltr'>XL</span> <span class='ocrx_word' id='word_1_274' title='bbox 995 3381 1030 3432; x_wconf 88' lang='lat' dir='ltr'>ad</span> <span class='ocrx_word' id='word_1_275' title='bbox 1049 3380 1108 3449; x_wconf 86' lang='lat' dir='ltr'>LX,</span> <span class='ocrx_word' id='word_1_276' title='bbox 1127 3381 1244 3435; x_wconf 89' lang='lat' dir='ltr'>latitudo</span> <span class='ocrx_word' id='word_1_277' title='bbox 1261 3382 1328 3435; x_wconf 92' lang='lat' dir='ltr'>divi·</span> 
     </span>
     <span class='ocr_line' id='line_1_30' title="bbox 101 3474 1048 3544; baseline -0.001 -15"><span class='ocrx_word' id='word_1_278' title='bbox 101 3477 183 3530; x_wconf 88' lang='lat' dir='ltr'>datur</span> <span class='ocrx_word' id='word_1_279' title='bbox 201 3476 229 3528; x_wconf 92' lang='lat' dir='ltr'>in</span> <span class='ocrx_word' id='word_1_280' title='bbox 247 3480 340 3544; x_wconf 84' lang='lat' dir='ltr'>partes</span> <span class='ocrx_word' id='word_1_281' title='bbox 359 3474 494 3542; x_wconf 91' lang='lat' dir='ltr'>quinque,</span> <span class='ocrx_word' id='word_1_282' title='bbox 513 3491 547 3527; x_wconf 87' lang='lat' dir='ltr'>ex</span> <span class='ocrx_word' id='word_1_283' title='bbox 564 3475 607 3528; x_wconf 90' lang='lat' dir='ltr'>his</span> <span class='ocrx_word' id='word_1_284' title='bbox 625 3474 696 3528; x_wconf 87' lang='lat' dir='ltr'>duae</span> <span class='ocrx_word' id='word_1_285' title='bbox 714 3474 819 3528; x_wconf 88' lang='lat' dir='ltr'>tablino</span> <span class='ocrx_word' id='word_1_286' title='bbox 838 3475 1048 3529; x_wconf 85' lang='lat' dir='ltr'>constituantur.</span> 
     </span>
    </p>
   </div>
   <div class='ocr_carea' id='block_1_8' title="bbox 100 3595 1328 3947">
    <p class='ocr_par' dir='ltr' id='par_1_8' title="bbox 100 3595 1328 3947">
     <span class='ocr_line' id='line_1_31' title="bbox 186 3595 1328 3664; baseline 0 -17"><span class='ocrx_word' id='word_1_287' title='bbox 186 3597 279 3663; x_wconf 58' lang='lat' dir='ltr'>206,ss</span> <span class='ocrx_word' id='word_1_288' title='bbox 302 3595 354 3648; x_wconf 91' lang='lat' dir='ltr'>hoc</span> <span class='ocrx_word' id='word_1_289' title='bbox 377 3599 470 3647; x_wconf 87' lang='lat' dir='ltr'>autem</span> <span class='ocrx_word' id='word_1_290' title='bbox 492 3595 550 3648; x_wconf 86' lang='lat' dir='ltr'>sive</span> <span class='ocrx_word' id='word_1_291' title='bbox 572 3596 656 3663; x_wconf 91' lang='lat' dir='ltr'>plana</span> <span class='ocrx_word' id='word_1_292' title='bbox 679 3599 721 3647; x_wconf 89' lang='lat' dir='ltr'>est</span> <span class='ocrx_word' id='word_1_293' title='bbox 748 3612 820 3663; x_wconf 88' lang='lat' dir='ltr'>aqua</span> <span class='ocrx_word' id='word_1_294' title='bbox 843 3612 890 3648; x_wconf 90' lang='lat' dir='ltr'>seu</span> <span class='ocrx_word' id='word_1_295' title='bbox 919 3596 1109 3664; x_wconf 83' lang='lat' dir='ltr'>sphaeroides,</span> <span class='ocrx_word' id='word_1_296' title='bbox 1136 3613 1246 3648; x_wconf 89' lang='lat' dir='ltr'>necesse</span> <span class='ocrx_word' id='word_1_297' title='bbox 1278 3600 1328 3662; x_wconf 88' lang='lat' dir='ltr'>cst,</span> 
     </span>
     <span class='ocr_line' id='line_1_32' title="bbox 100 3688 1328 3760; baseline -0.002 -17"><span class='ocrx_word' id='word_1_298' title='bbox 100 3691 135 3743; x_wconf 91' lang='lat' dir='ltr'>ad</span> <span class='ocrx_word' id='word_1_299' title='bbox 154 3694 276 3743; x_wconf 88' lang='lat' dir='ltr'>extrema</span> <span class='ocrx_word' id='word_1_300' title='bbox 295 3688 386 3757; x_wconf 90' lang='lat' dir='ltr'>capita</span> <span class='ocrx_word' id='word_1_301' title='bbox 404 3688 502 3741; x_wconf 86' lang='lat' dir='ltr'>dextra</span> <span class='ocrx_word' id='word_1_302' title='bbox 520 3707 551 3742; x_wconf 91' lang='lat' dir='ltr'>ac</span> <span class='ocrx_word' id='word_1_303' title='bbox 570 3688 682 3742; x_wconf 90' lang='lat' dir='ltr'>sinistra</span> <span class='ocrx_word' id='word_1_304' title='bbox 700 3707 761 3741; x_wconf 90' lang='lat' dir='ltr'>cum</span> <span class='ocrx_word' id='word_1_305' title='bbox 781 3689 882 3742; x_wconf 89' lang='lat' dir='ltr'>librata</span> <span class='ocrx_word' id='word_1_306' title='bbox 899 3691 995 3759; x_wconf 80' lang='lat' dir='ltr'>regula</span> <span class='ocrx_word' id='word_1_307' title='bbox 1013 3690 1065 3743; x_wconf 86' lang='lat' dir='ltr'>erit</span> <span class='ocrx_word' id='word_1_308' title='bbox 1077 3690 1182 3760; x_wconf 86' lang='lat' dir='ltr'>paritor</span> <span class='ocrx_word' id='word_1_309' title='bbox 1194 3690 1328 3742; x_wconf 83' lang='lat' dir='ltr'>sustinone</span> 
     </span>
     <span class='ocr_line' id='line_1_33' title="bbox 100 3769 1327 3855; baseline -0.002 -17"><span class='ocrx_word' id='word_1_310' title='bbox 100 3784 224 3853; x_wconf 83' lang='lat' dir='ltr'>regulam</span> <span class='ocrx_word' id='word_1_311' title='bbox 243 3800 356 3850; x_wconf 90' lang='lat' dir='ltr'>aquam,</span> <span class='ocrx_word' id='word_1_312' title='bbox 379 3781 421 3834; x_wconf 91' lang='lat' dir='ltr'>sin</span> <span class='ocrx_word' id='word_1_313' title='bbox 440 3788 531 3836; x_wconf 90' lang='lat' dir='ltr'>autem</span> <span class='ocrx_word' id='word_1_314' title='bbox 549 3783 704 3851; x_wconf 86' lang='lat' dir='ltr'>proclinata</span> <span class='ocrx_word' id='word_1_315' title='bbox 721 3783 775 3836; x_wconf 90' lang='lat' dir='ltr'>erit</span> <span class='ocrx_word' id='word_1_316' title='bbox 793 3792 826 3836; x_wconf 88' lang='lat' dir='ltr'>e&#39;x</span> <span class='ocrx_word' id='word_1_317' title='bbox 844 3769 1007 3855; x_wconf 71' lang='lat' dir='ltr'>anapesto,</span> <span class='ocrx_word' id='word_1_318' title='bbox 1031 3803 1085 3853; x_wconf 87' lang='lat' dir='ltr'>qua</span> <span class='ocrx_word' id='word_1_319' title='bbox 1103 3785 1156 3837; x_wconf 90' lang='lat' dir='ltr'>crit</span> <span class='ocrx_word' id='word_1_320' title='bbox 1174 3784 1255 3836; x_wconf 89' lang='lat' dir='ltr'>altior</span> <span class='ocrx_word' id='word_1_321' title='bbox 1273 3788 1327 3836; x_wconf 83' lang='lat' dir='ltr'>non</span> 
     </span>
     <span class='ocr_line' id='line_1_34' title="bbox 100 3876 891 3947; baseline -0.001 -14"><span class='ocrx_word' id='word_1_322' title='bbox 100 3879 203 3933; x_wconf 89' lang='lat' dir='ltr'>habere</span> <span class='ocrx_word' id='word_1_323' title='bbox 220 3877 332 3946; x_wconf 83' lang='lat' dir='ltr'>regulae</span> <span class='ocrx_word' id='word_1_324' title='bbox 351 3876 474 3929; x_wconf 87' lang='lat' dir='ltr'>canalem</span> <span class='ocrx_word' id='word_1_325' title='bbox 492 3877 521 3930; x_wconf 93' lang='lat' dir='ltr'>in</span> <span class='ocrx_word' id='word_1_326' title='bbox 541 3878 655 3931; x_wconf 85' lang='lat' dir='ltr'>summis</span> <span class='ocrx_word' id='word_1_327' title='bbox 672 3878 758 3931; x_wconf 90' lang='lat' dir='ltr'>labris</span> <span class='ocrx_word' id='word_1_328' title='bbox 776 3876 891 3947; x_wconf 60' lang='lat' dir='ltr'>aquam(</span> 
     </span>
    </p>
   </div>
   <div class='ocr_carea' id='block_1_9' title="bbox 186 4021 511 4081">
    <p class='ocr_par' dir='ltr' id='par_1_9' title="bbox 186 4021 511 4081">
     <span class='ocr_line' id='line_1_35' title="bbox 186 4021 511 4081; baseline 0.003 -1"><span class='ocrx_word' id='word_1_329' title='bbox 186 4021 344 4080; x_wconf 87' lang='lat' dir='ltr'>Praeterea</span> <span class='ocrx_word' id='word_1_330' title='bbox 367 4021 511 4081; x_wconf 87' lang='lat' dir='ltr'>conferas:</span> 
     </span>
    </p>
   </div>
   <div class='ocr_carea' id='block_1_10' title="bbox 100 4152 818 4597">
    <p class='ocr_par' dir='ltr' id='par_1_10' title="bbox 100 4152 818 4597">
     <span class='ocr_line' id='line_1_36' title="bbox 188 4152 818 4221; baseline 0.002 -17"><span class='ocrx_word' id='word_1_331' title='bbox 188 4154 262 4221; x_wconf 57' lang='lat'>1227</span> <span class='ocrx_word' id='word_1_332' title='bbox 281 4183 313 4191; x_wconf 89' lang='lat'>-</span> <span class='ocrx_word' id='word_1_333' title='bbox 333 4169 396 4205; x_wconf 90' lang='lat' dir='ltr'>cum</span> <span class='ocrx_word' id='word_1_334' title='bbox 415 4152 491 4220; x_wconf 84' lang='lat'>13,14</span> <span class='ocrx_word' id='word_1_335' title='bbox 509 4183 541 4191; x_wconf 93' lang='lat'>-</span> <span class='ocrx_word' id='word_1_336' title='bbox 560 4170 623 4205; x_wconf 86' lang='lat' dir='ltr'>cum</span> <span class='ocrx_word' id='word_1_337' title='bbox 643 4153 718 4221; x_wconf 75' lang='lat'>13,22</span> <span class='ocrx_word' id='word_1_338' title='bbox 736 4184 768 4190; x_wconf 93' lang='lat'><em>-</em></span> <span class='ocrx_word' id='word_1_339' title='bbox 788 4153 818 4206; x_wconf 89' lang='lat' dir='ltr'>si.</span> 
     </span>
     <span class='ocr_line' id='line_1_37' title="bbox 189 4246 617 4315; baseline 0 -15"><span class='ocrx_word' id='word_1_340' title='bbox 189 4249 263 4315; x_wconf 65' lang='lat' dir='ltr'>losa</span> <span class='ocrx_word' id='word_1_341' title='bbox 283 4246 305 4299; x_wconf 91' lang='lat' dir='ltr'>si</span> <span class='ocrx_word' id='word_1_342' title='bbox 325 4247 418 4314; x_wconf 85' lang='grc'>108,10</span> <span class='ocrx_word' id='word_1_343' title='bbox 436 4264 498 4299; x_wconf 90' lang='lat' dir='ltr'>curn</span> <span class='ocrx_word' id='word_1_344' title='bbox 517 4252 617 4300; x_wconf 86' lang='lat' dir='ltr'>autem.</span> 
     </span>
     <span class='ocr_line' id='line_1_38' title="bbox 181 4341 681 4409; baseline 0.002 -16"><span class='ocrx_word' id='word_1_345' title='bbox 181 4341 281 4409; x_wconf 81' lang='lat'>·242,10</span> <span class='ocrx_word' id='word_1_346' title='bbox 300 4358 363 4394; x_wconf 90' lang='lat' dir='ltr'>cum</span> <span class='ocrx_word' id='word_1_347' title='bbox 383 4342 413 4393; x_wconf 95' lang='grc'>11</span> <span class='ocrx_word' id='word_1_348' title='bbox 434 4341 456 4394; x_wconf 89' lang='lat' dir='ltr'>si</span> <span class='ocrx_word' id='word_1_349' title='bbox 475 4342 508 4394; x_wconf 86' lang='lat'>13</span> <span class='ocrx_word' id='word_1_350' title='bbox 526 4358 589 4394; x_wconf 91' lang='lat' dir='ltr'>cum</span> <span class='ocrx_word' id='word_1_351' title='bbox 608 4357 681 4394; x_wconf 87' lang='lat' dir='ltr'>vero.</span> 
     </span>
     <span class='ocr_line' id='line_1_39' title="bbox 100 4435 575 4504; baseline 0.004 -17"><span class='ocrx_word' id='word_1_352' title='bbox 100 4454 104 4471; x_wconf 81' lang='lat'><strong>·</strong></span> <span class='ocrx_word' id='word_1_353' title='bbox 187 4435 323 4504; x_wconf 81' lang='lat' dir='ltr'>254,11·si</span> <span class='ocrx_word' id='word_1_354' title='bbox 342 4436 376 4487; x_wconf 81' lang='lat' dir='ltr'>la</span> <span class='ocrx_word' id='word_1_355' title='bbox 394 4453 456 4489; x_wconf 90' lang='lat' dir='ltr'>cum</span> <span class='ocrx_word' id='word_1_356' title='bbox 475 4439 575 4489; x_wconf 88' lang='lat' dir='ltr'>autem.</span> 
     </span>
     <span class='ocr_line' id='line_1_40' title="bbox 188 4529 704 4597; baseline 0.008 -16"><span class='ocrx_word' id='word_1_357' title='bbox 188 4530 280 4596; x_wconf 65' lang='lat' dir='ltr'>assit</span> <span class='ocrx_word' id='word_1_358' title='bbox 299 4547 362 4582; x_wconf 87' lang='lat' dir='ltr'>cum</span> <span class='ocrx_word' id='word_1_359' title='bbox 381 4535 472 4584; x_wconf 85' lang='lat' dir='ltr'>autem</span> <span class='ocrx_word' id='word_1_360' title='bbox 491 4532 525 4582; x_wconf 79' lang='lat'>24</span> <span class='ocrx_word' id='word_1_361' title='bbox 543 4529 585 4597; x_wconf 84' lang='lat' dir='ltr'>sin</span> <span class='ocrx_word' id='word_1_362' title='bbox 604 4534 704 4584; x_wconf 88' lang='lat' dir='ltr'>autem.</span> 
     </span>
    </p>
   </div>
   <div class='ocr_carea' id='block_1_11' title="bbox 0 0 1430 4808">
    <p class='ocr_par' dir='ltr' id='par_1_11' title="bbox 0 0 1430 4808">
     <span class='ocr_line' id='line_1_41' title="bbox 0 0 1430 4808; baseline 0 0"><span class='ocrx_word' id='word_1_363' title='bbox 0 0 1430 4808; x_wconf 95' lang='lat' dir='ltr'> </span> 
     </span>
    </p>
   </div>
  </div>
 </body>
</html>
