2850 4808
609 205 817 262 ..23-

91 403 181 457 extat
203 397 350 456 undecies:
374 397 452 464 211.
481 395 591 463 108,13.
620 394 678 463 145,
689 395 713 448 6.
743 394 800 462 152,
813 395 854 447 25.
889 393 1003 462 165,13.
1037 395 1094 464 167,
1107 395 1131 464 1,
1144 396 1184 448 23.
1218 395 1276 464 187,
1290 395 1330 448 19.

91 501 463 571 -mamama

184 620 245 678 Aut
266 619 413 693 praesenti
434 619 511 676 inest
532 618 611 675 notio
632 615 792 675 facultatis.
838 614 972 674 Plurimis
995 617 1111 691 quidem
1132 617 1203 675 locis
1223 616 1331 674 futuris

93 732 281 808 praegressis
302 730 476 805 respondere
498 730 628 787 videmus
649 729 679 785 in
702 726 819 800 apodosi
833 726 933 784 futura
952 729 1226 801 poterit-poterunt:
1250 728 1332 787 velut

99 846 220 914 22,31.
257 844 373 912 137,4.
411 842 595 911 168419.
630 840 769 908 10111.

185 970 234 1029 Bis
255 971 422 1044 praesentia
444 973 675 1042 potest-possunt
697 971 864 1025 occurrunt:

187 1076 292 1145 20126
311 1118 316 1128 .
337 1118 342 1128 .
362 1118 368 1128 .
387 1074 461 1143 quod
479 1080 507 1127 et
525 1074 656 1127 decursus
675 1076 702 1125 et
721 1071 971 1125 circumductiones
984 1076 1012 1125 et
1023 1077 1133 1126 ventres
1147 1077 1175 1126 et
1187 1091 1332 1143 expressus

96 1174 153 1226 hac
180 1171 287 1224 ratione
313 1175 429 1238 possunt
455 1168 527 1236 fieri,
559 1186 621 1222 cum
648 1168 792 1220 habebunt
819 1186 846 1244 a¹
862 1167 1000 1237 capitibus
1031 1167 1066 1220 ad
1092 1168 1201 1220 moenia
1229 1168 1334 1237 fastigii

96 1267 276 1320 libramenta.

189 1377 247 1443 113,
260 1376 293 1427 25
311 1392 366 1428 non
386 1375 459 1426 enim
477 1375 549 1427 inter
567 1374 622 1426 duo
639 1373 795 1440 intervalla,
814 1391 877 1426 oum
897 1374 1061 1426 chordarum
1076 1373 1182 1426 sonitus
1194 1378 1242 1427 aut
1259 1375 1335 1428 vocis

97 1475 200 1526 cantus
218 1470 308 1523 factus
327 1468 412 1521 fucrit
413 1511 521 1536 .....
540 1473 657 1537 possunt
675 1468 872 1521 consonantiae
891 1467 958 1522 fieri.

189 1587 288 1662 Neque
312 1583 481 1645 adiceronc
504 1604 568 1645 eam
591 1587 731 1644 dictorum
754 1586 956 1657 temporalium
980 1585 1100 1645 formam
1123 1587 1210 1660 plane
1233 1590 1335 1646 abesse

98 1701 234 1773 exemplo
256 1700 465 1772 comprobatur,
489 1698 563 1772 quod
585 1714 673 1755 unum
695 1698 795 1755 attulit
818 1694 1007 1754 Hoffmannus
1029 1698 1051 1758 l.
1066 1698 1086 1758 l.
1109 1716 1178 1772 pag.
1195 1700 1251 1758 67:

190 1827 269 1887 Lael.
289 1830 338 1896 22,
356 1828 409 1885 82:
434 1830 463 1881 in
481 1830 583 1882 talibus
603 1871 609 1882 .
630 1871 634 1880 .
655 1872 660 1882 .
680 1829 817 1882 stabilitas
837 1827 974 1881 amicitiae
987 1828 1144 1881 confirmari
1156 1834 1255 1898 potest,
1274 1848 1338 1883 cum

97 1935 229 1990 homines
247 1933 369 2002 primum
388 1932 587 2000 cupiditatibus
600 1932 785 1999 imperabunt,
803 1931 902 1984 deinde
916 1931 1054 1999 aequitate
1067 1931 1228 2000 iustitiaque
1240 1934 1337 2002 gaude·

98 2031 174 2085 bunt
195 2045 217 2082 e.
237 2046 262 2095 q.
282 2046 302 2080 s.

191 2145 225 2204 In
247 2147 296 2213 iis,
325 2161 398 2216 quae
422 2143 514 2202 adhuc
536 2145 632 2217 posui,
661 2144 800 2216 exemplis
825 2160 964 2216 praesens
990 2149 1118 2216 tempus,
1145 2146 1219 2217 quod
1241 2149 1336 2205 estin

106 2258 231 2330 apudosi,
254 2272 371 2329 prorsus
394 2255 465 2311 nihil
480 2257 569 2313 habet
583 2256 661 2314 miri:
686 2271 749 2312 cum
771 2256 847 2312 euim
863 2255 978 2326 dicitnr,
1002 2255 1110 2329 aliquid
1124 2256 1187 2313 lieri
1204 2263 1338 2330 oportere

104 2364 155 2427 aut
176 2385 271 2440 posse,
297 2368 378 2425 simul
401 2383 449 2424 res
473 2367 569 2438 aliqua
591 2366 690 2423 futura
713 2365 867 2425 indicatur.

194 2494 250 2554 Sed
272 2496 362 2553 multa
385 2500 452 2553 sunt
474 2495 605 2566 exempla
626 2495 656 2551 in
679 2495 780 2567 quibus
800 2493 896 2551 futuro
913 2501 1015 2553 exacto
1030 2496 1187 2568 respondet
1201 2515 1339 2569 praesens

104 2608 181 2666 nude
205 2609 330 2680 positum
352 2608 381 2664 in
405 2607 532 2678 apcdosi.

194 2736 237 2794 Ac
259 2737 381 2809 primum
404 2752 439 2792 ea
461 2735 574 2806 quidem
597 2734 820 2804 consideremus,
844 2735 874 2792 in
896 2736 998 2807 quibus
1020 2752 1083 2793 cum
1103 2737 1193 2794 habet
1214 2738 1272 2796 vim
1289 2756 1338 2797 ex·

107 2849 285 2921 plicativam.

194 2975 255 3033 lam
278 2975 400 3032 diximus
423 2975 458 3031 de
481 2974 619 3032 eiusmodi
641 2974 812 3044 enuntiatis,
835 2975 989 3046 inquibus
1011 2977 1158 3048 praesenti
1184 2979 1341 3051 respondet

109 3087 235 3145 futurum
251 3088 372 3159 primum
390 3084 455 3159 (cfr.
474 3087 522 3156 12,
541 3086 604 3160 27).
638 3083 778 3142 Futurum
795 3091 927 3143 exactum
942 3086 985 3143 ita
1000 3088 1123 3158 positum
1138 3095 1183 3145 est
1196 3089 1242 3146 his
1257 3090 1339 3148 locis:

197 3210 237 3275 13,
255 3210 288 3260 14
315 3207 350 3260 ad
373 3208 599 3260 consuetudinem
626 3212 718 3260 autem
745 3206 828 3260 decor
855 3208 894 3260 sio
920 3208 1097 3276 exprimitur,
1125 3227 1187 3262 cum
1210 3211 1340 3265 aedificiis

111 3302 287 3356 interioribus
306 3302 460 3370 magnificis
479 3303 546 3354 item
565 3302 702 3355 vestibula
720 3302 911 3354 convenientia
929 3308 957 3354 et
975 3303 1111 3370 elegantia
1128 3308 1210 3357 erunt
1226 3305 1306 3359 facta.

196 3416 239 3481 47,
256 3415 289 3465 25
312 3414 465 3466 isodomum
494 3414 596 3467 dicitur
623 3431 684 3466 cum
708 3414 800 3466 omnia
823 3414 898 3466 coria
924 3431 1012 3481 aequa
1034 3416 1215 3468 crassitudine
1237 3416 1343 3470 fuerint

113 3512 224 3577 11111111,
237 3509 479 3577 pseudisodomum
497 3525 559 3561 cum
572 3508 680 3576 inpares
694 3512 721 3561 et
733 3507 891 3575 inaequales
904 3508 1013 3561 ordines
1027 3509 1162 3563 coriorum
1176 3511 1341 3579 diriguntur.

197 3643 299 3716 Itaque
329 3644 413 3702 valde
441 3644 553 3712 dubito,
582 3661 650 3701 num
671 3643 791 3701 tolerari
812 3643 932 3715 possint,
960 3661 1033 3717 quae
1056 3644 1194 3717 leguntur
1217 3649 1288 3717 244,
1309 3654 1340 3706 1:

114 3751 282 3804 scansorium
302 3754 393 3828 autem
412 3752 461 3816 est,
481 3766 544 3800 cum
561 3749 705 3800 machinae
723 3749 763 3801 ita
781 3749 894 3801 fuerunt
906 3750 1063 3802 conlocatae
1076 3756 1108 3803 ut
1120 3751 1155 3804 ad
1167 3752 1342 3805 altitudinem

114 3846 196 3914 tignis
216 3845 327 3897 statutis
346 3848 373 3896 et
391 3843 596 3896 transversarirs
616 3843 760 3911 conligatis
779 3843 837 3896 sine
849 3843 973 3911 periculo
987 3845 1135 3898 scandatur
1147 3847 1182 3899 ad
1195 3852 1343 3916 apparatus

115 3939 319 4009 spectationem.

198 4063 298 4123 Totam
328 4064 352 4121 si
384 4063 592 4121 sententiarum
624 4064 857 4136 compositionem
893 4065 1076 4138 respicimus,
1110 4073 1189 4125 certe
1216 4066 1343 4125 Jccundo

115 4176 314 4245 concedemus,
338 4177 443 4234 verba:
476 4183 518 4230 est
536 4194 598 4229 cum
621 4181 687 4248 post
709 4182 802 4230 autem
825 4192 888 4233 esse
911 4176 1052 4236 addenda.
1099 4176 1223 4236 Periecti
1247 4186 1344 4236 autem

115 4287 206 4345 forma
233 4287 349 4344 luerunt
375 4286 541 4344 conlocatae
568 4287 638 4344 mihi
667 4287 779 4358 quidem
806 4304 923 4359 prorsus
945 4304 1001 4343 non
1024 4289 1180 4359 probatur,
1208 4290 1259 4347 sed
1281 4306 1344 4346 cum

115 4399 262 4456 veteribus
279 4398 436 4455 editoribus
451 4397 578 4455 futurum
594 4405 725 4455 exactum
741 4397 850 4455 luerint
865 4399 1031 4456 conlocatae
1043 4398 1264 4472 praeferendum
1281 4416 1344 4457 esse

115 4526 226 4568 censeo.
262 4507 382 4566 Fuerint
404 4510 478 4565 enim
501 4509 612 4565 tamin
634 4509 751 4566 fuerunt
773 4515 913 4566 mutatum
936 4516 981 4565 est
1002 4526 1049 4566 me
1070 4511 1182 4575 iudice,
1195 4519 1363 4578 assumam
