2850 4808
610 201 818 259 ..19-

94 394 199 477 licque
223 410 291 453 eam
311 392 344 451 in
366 390 496 449 Vitruvii
515 390 599 449 libris
618 390 760 449 lenissime
781 395 883 463 patere
905 391 1007 447 mirum
1031 391 1123 449 videri
1151 396 1247 463 potest
1268 397 1333 466 post

92 524 142 577 ea,
165 521 243 579 quae
264 504 348 563 initio
370 502 458 561 bidus
479 502 681 575 disputationis
703 501 739 559 de
761 518 892 560 sermone
915 500 1087 560 Vitruviano
1110 503 1306 562 disseruimus.

183 616 232 675 Ad
260 632 297 674 ea
324 614 456 687 exempla
480 618 677 681 transeamus,
709 613 739 670 in
772 613 873 685 quibus
904 614 987 671 verbi
1021 615 1196 673 substantivi
1222 614 1332 672 formae

97 727 328 789 monendam
348 742 413 785 cum
434 724 596 799 participiis
610 725 791 798 passivorum
806 729 836 782 et
850 724 1052 797 deponentium
1072 730 1139 783 sunt
1153 726 1331 785 coniunctae.

183 838 354 912 Exemplum
377 853 469 911 pono:

179 960 270 1030 md
292 990 326 999 -
347 962 376 1013 et
397 976 432 1012 cx
458 958 519 1027 ipso
539 960 630 1011 rostro
652 958 800 1011 lamminae
822 959 927 1011 ferreae
952 957 1012 1010 IIII
1031 957 1142 1011 circiter
1160 958 1262 1027 pedum
1280 958 1331 1011 XV

95 1056 171 1110 lixae
187 1056 303 1109 fumant
317 1054 346 1107 in
362 1052 487 1107 materia.

187 1172 297 1233 Ibidem
317 1188 387 1231 vero
410 1170 535 1243 legimus
567 1170 767 1243 imperfectum
794 1171 876 1229 verbi
904 1171 1077 1229 substantivi
1105 1172 1265 1245 participiis
1287 1188 1331 1228 so-

98 1286 224 1345 datum:

179 1410 241 1479 278,
253 1410 287 1461 17
305 1424 362 1476 quo
379 1406 493 1475 insuper
510 1405 654 1459 conlocata
666 1409 726 1457 erut
740 1404 853 1457 alternis
867 1406 995 1458 rrruuteries
1008 1406 1081 1458 inter
1094 1423 1190 1473 scapos
1208 1409 1236 1457 et
1248 1409 1333 1458 trans-

92 1504 222 1559 versaria
238 1502 358 1557 adiecta
374 1532 416 1555 —.

182 1599 219 1653 ib.
238 1599 271 1651 al
296 1596 471 1651 conlocatum
489 1598 555 1649 erat.

179 1694 269 1762 ssuaa
287 1692 402 1759 insuper
419 1732 425 1743 .
445 1731 451 1743 .
471 1731 477 1744 .
496 1729 503 1742 .
522 1692 596 1742 totus
614 1689 685 1741 aries
709 1693 769 1742 erat
791 1688 938 1741 involutus.

180 1792 253 1851 'lium
272 1796 398 1867 utroquo
421 1790 515 1849 forma
537 1790 638 1848 eodem
660 1791 690 1847 in
713 1790 865 1847 enumtiato
888 1791 1024 1849 occurrit:

184 1898 244 1965 27⁷,
255 1897 288 1949 21
308 1894 459 1951 arrectaria
476 1913 546 1964 quae
565 1913 649 1965 supra
668 1894 886 1964 conrpactionom
905 1900 984 1948 erant
996 1899 1127 1962 ‹puattuor
1140 1897 1283 1949 conlocata
1300 1913 1334 1949 ex

96 1993 171 2047 binis
189 1991 276 2061 tignis
293 1990 404 2045 fucrant
425 1994 576 2058 compacta.

186 2108 266 2183 Quos
284 2109 362 2167 locos
383 2125 448 2166 cum
470 2108 627 2179 diligenter
651 2108 861 2181 inspexerimus
884 2112 914 2164 et
936 2108 1210 2181 comparaverimus,
1237 2110 1333 2166 tacere

103 2238 166 2279 non
187 2220 347 2293 poterimus,
370 2220 439 2291 quin
461 2224 621 2278 statuamus
638 2217 802 2276 Vitruvium
824 2219 890 2276 illas
912 2220 1019 2276 tonnas
1042 2220 1182 2291 distingui
1198 2223 1332 2282 voluisse.

102 2330 279 2405 Imperfecto
303 2332 380 2389 onim
407 2332 488 2389 verbi
516 2331 691 2389 substantivi
723 2331 819 2402 magis
856 2332 899 2387 rei
931 2337 1039 2400 status,
1071 2333 1119 2403 ‹pui
1146 2338 1205 2391 tum
1234 2336 1331 2403 inerit,

95 2442 262 2517 significari
282 2442 354 2501 mihi
376 2442 505 2510 videtur,
533 2442 809 2515 plusqnanrpertecto
833 2444 926 2511 rrruugis
953 2443 1043 2515 ipsius
1065 2446 1262 2503 armecedentis
1285 2464 1331 2502 ac·

98 2554 340 2615 mammotrectus.
383 2552 486 2626 Itaque
508 2558 685 2626 postrennnn
708 2570 789 2625 (prtem
813 2553 894 2625 piceni
918 2552 1009 2610 locum
1033 2556 1073 2612 sie
1097 2562 1255 2617 vertemus:

187 2664 264 2737 „Dic
278 2662 414 2735 Stdnder,
436 2664 545 2723 welche
561 2681 598 2720 zu
613 2665 677 2721 vicr
692 2665 764 2721 iiber
780 2663 844 2721 dem
860 2662 990 2721 lialnnen
1006 2667 1139 2736 standon,
1162 2669 1243 2727 hatte
1267 2686 1333 2726 man

94 2794 151 2835 aus
168 2776 203 2851 je
224 2777 303 2835 awai
322 2774 435 2833 Balken
456 2775 825 2847 zusamrnengeuirrrmert“.

184 2902 348 2965 Praeterea
362 2904 494 2963 conferas
506 2904 647 2976 exempla,
665 2909 836 2976 quaesunt:
855 2902 905 2972 52,
916 2903 945 2962 8.
962 2905 1012 2974 87,
1024 2905 1052 2965 3,
1071 2907 1142 2976 ⁶237,
1153 2908 1182 2967 8.
1201 2910 1271 2979 titii),
1283 2911 1332 2968 26.

185 3014 290 3089 Neque
317 3016 373 3073 huc
398 3033 456 3073 uon
487 3016 634 3087 pertinent
667 3015 694 3071 oi
726 3014 794 3077 loci.
828 3015 859 3071 in
892 3015 993 3087 quibus
1026 3017 1333 3091 plusquamperfectum

96 3134 214 3203 tempus
236 3126 359 3185 aemonis
386 3127 506 3185 alicuius
531 3127 656 3201 positum
684 3130 729 3183 est
759 3142 816 3181 non
844 3143 880 3182 ex
907 3142 978 3184 vera
1000 3129 1137 3201 temporis
1160 3131 1332 3196 condicione,

97 3240 150 3299 scd
171 3254 228 3313 per
250 3238 499 3311 anticipationem.

185 3364 223 3427 In
249 3366 310 3436 his,
333 3383 407 3439 quae
434 3367 585 3437 leguntur:
615 3368 666 3436 86,
684 3365 736 3426 25:
777 3368 801 3420 is
829 3368 953 3421 calathus
980 3367 1095 3421 toi-tuito
1118 3388 1201 3439 supra
1223 3373 1332 3425 ucarrthi

100 3480 224 3535 radicem
242 3478 334 3554 fuerat
351 3479 516 3532 conlocatus.
544 3477 822 3550 plusquamperfecto
838 3478 1001 3534 cordccatns
1016 3477 1114 3536 fuerat
1128 3496 1245 3551 prorsus
1259 3481 1335 3539 idem

98 3595 218 3663 tompus
251 3589 365 3658 subest,
396 3589 469 3662 quod
495 3590 623 3663 perlecto
654 3588 827 3650 conlocavit.
858 3588 933 3661 quod
963 3591 1108 3647 arneccdit
1134 3592 1173 3650 ib.
1195 3593 1249 3659 253
1284 3594 1335 3650 sed

95 3700 427 3776 piumquamperiectum
457 3701 549 3758 altero
578 3700 639 3757 loco
668 3700 791 3772 positum
818 3704 862 3755 est
889 3703 1024 3771 spectans
1053 3701 1161 3773 adea,
1188 3720 1261 3775 quae
1288 3721 1333 3763 se-

94 3814 242 3887 quantur.

189 3922 293 3997 ltaque
316 3922 518 3993 dubitaverim,
542 3939 609 3979 num
626 3922 783 3994 probabilis
805 3922 843 3979 sit
865 3920 916 3978 illa
934 3920 1037 3981 Marini
1053 3925 1228 3995 coniootrua,
1252 3943 1335 4000 quem

96 4034 197 4095 secuti
218 4032 294 4093 Ruso
317 4039 348 4093 ct
370 4032 747 4104 Mueller-Struebingius
770 4033 895 4091 editores
925 4051 977 4106 pro
1000 4034 1097 4092 iuerat
1118 4036 1333 4109 plusquamper-

96 4268 258 4339 Herzberg:
276 4268 307 4321 in
324 4286 422 4321 comm.
441 4268 476 4320 ad
494 4268 575 4336 l'rop.
594 4268 647 4321 vol.
661 4267 705 4319 Ill
728 4285 789 4336 ling.
802 4268 844 4320 43.

97 4354 236 4411 Brchme:
258 4352 288 4407 in
310 4352 515 4421 dissertatione,
538 4352 582 4405 cui
605 4353 769 4422 inscriptum
792 4357 845 4406 est:
873 4352 1041 4421 Linguarum
1065 4352 1156 4405 laxum
1179 4357 1334 4423 temporum

174 4436 403 4509 significationem
421 4440 475 4492 iam
494 4439 592 4508 priscis
613 4438 725 4505 linguae
747 4439 848 4491 latinae
871 4438 1040 4507 temporibus
1063 4438 1092 4490 in
1115 4438 1223 4507 vulgari
1247 4440 1335 4495 elocu-

174 4524 249 4581 tione
266 4524 386 4595 perspici
404 4543 492 4593 posse
521 4524 643 4594 Gotting.
666 4526 738 4577 1879,
765 4542 826 4595 prag.
842 4525 881 4577 la.

1158 4608 1192 4659 Q*
