2850 4808
605 159 812 216 ..14-

85 335 88 341 ’
179 345 372 406 1111111111
395 363 470 404 nunc
486 345 523 405 ad
539 362 574 405 ea
596 346 757 415 enuntiata,
780 346 810 403 in
830 345 931 418 quibus
945 344 1045 404 intura
1060 362 1123 405 eum
1137 347 1244 406 futuris
1260 354 1329 408 sunt

95 461 260 534 composita,
284 463 314 517 at
335 458 458 531 primurn
480 462 588 531 agatur
610 457 645 515 de
668 457 764 515 futuro
786 456 878 530 primo
899 457 1051 529 utrobique
1073 459 1175 530 posito.

181 587 320 662 Exempla
341 603 414 659 pono
441 587 527 646 haec:
555 590 622 656 58,1
644 588 779 654 Quoniam
798 605 863 656 ergo
881 587 1018 656 explicata
1035 588 1105 642 ratio
1124 593 1178 657 est,
1200 589 1269 657 quid
1287 590 1328 644 ita

95 695 125 748 in
142 693 210 747 urbe
223 696 336 761 propter
346 691 539 745 necessitatem
551 691 742 758 angustiarum
753 707 808 743 nun
821 689 966 760 patiuntur
978 708 1037 744 esse
1048 691 1186 745 latericios
1198 693 1327 761 parietes,

96 805 159 842 cum
177 792 255 841 extra
273 785 371 838 urbem
389 802 457 853 opus
469 785 523 837 erit
534 784 577 836 his
590 785 639 852 uti,
658 784 716 837 sine
729 783 804 837 vitiis
818 784 852 836 ad
864 788 1030 838 vetustatem
1044 785 1083 838 sic
1095 785 1149 839 erit
1159 786 1325 841 laciendum.

183 881 286 950 151,15
305 897 368 933 cum
385 878 594 947 magnificenter
611 895 679 946 opus
698 878 851 946 perfeetum
870 878 1027 946 aspicietur,
1045 895 1062 930 a
1073 878 1177 932 domini
1189 885 1326 949 potestate

96 977 226 1045 inpensae
244 973 440 1041 laudabuntur,
459 990 521 1025 curn
541 972 687 1040 subtiliter,
705 971 884 1026 officinatoris
902 972 1066 1041 probabitur
1083 973 1230 1043 exactio¹).

183 1074 256 1133 Item
277 1074 405 1132 futurum
428 1074 562 1143 occurrit,
585 1073 633 1130 ubi
657 1090 705 1131 res
720 1073 895 1131 definiuntur
917 1077 947 1131 et
968 1072 1184 1134 describuntur:
1208 1077 1280 1144 69‚2
1299 1078 1326 1130 in

97 1181 169 1234 antis
182 1181 235 1234 erit
245 1179 328 1243 aedis,
338 1196 400 1231 cum
413 1178 527 1231 babebit
539 1177 567 1230 in
580 1178 671 1231 fronte
684 1183 761 1230 antas
774 1178 911 1247 parietum
925 1178 973 1246 qui
986 1178 1083 1231 cellam
1096 1179 1325 1234 circumcludunt.

182 1298 314 1371 Apparet
329 1329 367 1338 -
382 1295 420 1355 id
442 1295 517 1368 quod
538 1295 633 1367 magis
655 1296 832 1353 elucebit-
850 1297 880 1353 in
896 1294 1021 1355 Vitruvii
1044 1313 1174 1355 sermone
1190 1314 1326 1370 magnam

98 1426 161 1469 esse
184 1408 398 1467 similitudinem
421 1412 451 1464 et
473 1406 644 1464 affinitatem
659 1408 736 1464 inter
750 1408 911 1481 praesentis
928 1413 958 1464 et
971 1407 1061 1466 futuri
1075 1408 1326 1480 significationem.

98 1521 136 1580 Et
157 1524 311 1594 praesente
335 1523 365 1576 et
392 1517 488 1576 futuro
515 1519 560 1577 bis
581 1518 674 1591 posito
696 1535 752 1575 non
775 1518 946 1589 designatur
967 1535 1015 1576 res
1037 1524 1118 1577 certa
1141 1536 1175 1576 ac
1196 1519 1325 1589 definita,

98 1632 149 1690 sed
171 1630 365 1702 significatur,
395 1631 523 1703 quolibet
544 1633 686 1686 momento
712 1631 849 1700 temporis
870 1629 974 1687 infiniti
996 1631 1158 1703 praesentis
1180 1636 1232 1689 aut
1253 1636 1326 1689 tem·

98 1743 176 1816 poris
203 1741 345 1799 indefiniti
371 1740 461 1798 futuri
487 1741 551 1797 fieri
573 1740 621 1798 vel
647 1740 871 1810 caseatorum,
900 1757 963 1798 cum
985 1740 1109 1798 alte1u1m
1134 1742 1187 1800 fiat
1209 1742 1257 1800 vel
1280 1743 1326 1801 sit.

184 1867 223 1928 Ut
249 1886 319 1928 vero
352 1869 478 1926 sermoni
503 1867 674 1927 Vitruviano
708 1886 764 1926 non
793 1871 837 1927 est
865 1868 1025 1942 perpolitae
1053 1870 1191 1928 orationis
1219 1887 1326 1944 aequa·

99 1981 211 2051 bilitas,
242 1982 285 2039 ita
320 1981 483 2054 praesentis
521 1984 551 2036 et
584 1978 674 2037 futuri
705 1979 807 2038 aoristi
845 1996 898 2037 usu
931 1996 1017 2052 saepe
1052 1973 1264 2040 confunduntur
1299 1986 1329 2039 et

99 2097 250 2164 utrumque
271 2098 383 2167 tempus
405 2091 504 2149 eodem
526 2091 557 2148 in
579 2092 728 2180 enuntiato
750 2092 875 2165 positum
897 2092 1052 2151 invenitur.

172 2183 325 2262 ¹Futurum
347 2202 421 2276 quod
444 2208 488 2260 est
510 2203 540 2259 in
561 2202 678 2275 apodosi
701 2203 887 2277 compositum
910 2207 955 2261 ast
976 2219 1039 2260 cum
1060 2208 1214 2276 praesente
1237 2221 1327 2263 enun-

99 2315 167 2373 tiati
189 2314 364 2374 secundarii:

186 2424 241 2483 Ubi
257 2425 371 2482 aedium
386 2425 497 2496 species
512 2424 723 2496 describuntur,
739 2427 812 2483 haec
826 2426 965 2498 leguntur
987 2427 1086 2495 71,10;
1106 2427 1217 2496 diastyli
1236 2434 1329 2482 autem

99 2531 168 2584 haec
190 2530 243 2582 erit
266 2528 441 2596 compositio,
468 2546 529 2581 cum
553 2529 637 2581 trium
660 2530 850 2582 columnarum
878 2529 1089 2582 crassitudinem
1117 2530 1329 2584 intercolumnio

101 2635 274 2702 interponere
292 2648 446 2700 possumus.
483 2625 539 2687 Sed
554 2629 695 2700 conterno,
711 2647 785 2703 quae
800 2630 990 2704 praecedunt:
1019 2635 1061 2701 70,
1074 2634 1108 2684 20
1126 2633 1191 2686 item
1211 2634 1329 2702 systylos

101 2741 150 2804 est,
169 2737 198 2789 in
217 2753 271 2803 qua
283 2735 400 2787 duarum
414 2734 603 2786 columnarum
617 2735 770 2788 crassitudo
788 2735 816 2787 in
835 2735 1046 2788 intercolumnio
1063 2735 1165 2803 poterit
1175 2735 1328 2797 conlocari.

101 2835 129 2884 et
147 2830 183 2884 ib.
204 2831 246 2883 16:
270 2830 447 2898 pycnostylos
469 2833 512 2881 est
529 2829 606 2881 cuius
625 2829 837 2882 intercolumnio
858 2829 940 2882 unius
959 2834 986 2882 et
1004 2829 1163 2882 dimidiatae
1186 2831 1330 2883 columnae

102 2925 255 2979 crassitudo
273 2924 410 2992 interponi
429 2927 526 2992 potest.

189 3041 347 3101 Praeterea
369 3043 423 3099 huc
446 3039 600 3099 referenda
622 3044 701 3099 sunt:

190 3148 304 3215 177,15;
324 3147 363 3200 ita
382 3152 473 3199 autem
493 3164 555 3198 cum
575 3146 630 3197 sint
648 3150 779 3212 quattuor
792 3147 973 3199 sextariorum
986 3164 1139 3213 mensurae,
1158 3165 1219 3200 cum
1234 3166 1331 3216 expen-

102 3242 206 3295 duntur
223 3243 399 3295 invenientur
416 3258 475 3294 esse
497 3241 588 3309 pondo
607 3245 725 3293 centum.
746 3240 822 3309 (on.
841 3241 909 3309 42,1
931 3273 963 3280 -
982 3259 1044 3293 cum
1064 3242 1270 3310 expenduntur,
1293 3245 1330 3296 in·

101 3336 269 3406 veniuntur.)

188 3431 293 3497 262,15
312 3429 340 3481 in
359 3430 460 3497 quibus
478 3431 525 3498 (sc.
545 3429 669 3496 naribus)
688 3446 761 3482 asses
781 3433 845 3482 sunt
863 3446 896 3481 ex
914 3433 995 3482 torno
1014 3429 1121 3484 subacti
1140 3435 1168 3484 et
1185 3430 1223 3483 ibi
1243 3432 1330 3484 conlo·

103 3524 166 3593 cati,
185 3524 232 3591 qui
251 3541 314 3576 cum
331 3524 431 3592 recipit
450 3524 543 3576 arcula
561 3523 690 3591 animam,
709 3523 836 3591 spiritum
854 3540 910 3576 non
927 3523 1068 3592 patientur
1085 3525 1245 3579 obturantes
1262 3526 1331 3578 fora-

101 3619 178 3672 mina
194 3635 290 3670 rursus
307 3617 405 3670 redire.

189 3729 277 3797 257,2
294 3729 333 3781 ita
351 3729 471 3781 versatio
489 3733 565 3782 rotae
584 3732 709 3782 catenam
728 3728 756 3781 in
780 3745 858 3781 axem
881 3728 1046 3784 involvendo
1069 3730 1165 3784 efferet
1187 3731 1282 3785 situlos
1301 3731 1331 3784 in

104 3840 250 3889 summum,
269 3823 316 3891 qui
335 3839 397 3875 cnm
417 3840 499 3891 super
517 3840 595 3877 axem
608 3822 805 3892 pervehuntur,
824 3828 956 3892 cogentur
974 3824 1075 3878 inverti
1094 3830 1122 3878 et
1139 3825 1283 3878 infundere
1302 3826 1330 3879 in

104 3926 250 4006 castellum
267 3942 354 3993 aquae
373 3925 446 3993 quod
464 3926 621 3980 extulerint.
640 3920 762 3981 -Cum
784 3923 855 3981 illud
877 3923 990 3997 quidem
1012 3925 1194 3984 coldetturae
1208 3924 1330 3985 Jooundi

103 4035 234 4105 debetur,
257 4035 308 4093 sed
330 4050 416 4092 sensu
437 4036 604 4107 requiritur.
639 4032 720 4109 Quod
741 4051 811 4092 vero
833 4034 938 4105 locum,
967 4035 1041 4093 unde
1065 4037 1225 4095 coniunctio
1253 4039 1329 4096 exci-

103 4146 193 4215 derit,
217 4147 336 4217 attinet,
363 4145 440 4205 haud
462 4146 520 4204 scio
543 4162 582 4204 an
610 4145 705 4218 aptius
726 4149 791 4218 post
812 4147 903 4204 verba
926 4165 1008 4217 super
1031 4166 1109 4201 axam
1132 4149 1279 4206 inseratur
1301 4155 1331 4207 et

195 4382 218 4449 1)
237 4380 381 4435 naereses
404 4380 452 4433 cfr.
477 4380 574 4449 1111.
599 4379 639 4447 re,
656 4380 679 4434 a.
703 4380 745 4448 11,
763 4381 803 4434 17.
826 4378 883 4448 rea,
901 4379 941 4432 aa,
967 4378 1059 4446 1ee,a.
1085 4381 1195 4447 11114.
1220 4383 1330 4449 roasi.

105 4466 164 4533 soa,
176 4468 200 4518 a.
220 4467 313 4534 1411,
333 4465 630 4534 1111111111.
