2850 4808
593 157 800 264 439„

85 396 149 456 fieri
171 398 273 466 solent,
296 405 552 454 commemorantur
568 426 605 436 -
622 395 652 451 id
675 396 749 466 quod
765 396 840 469 apud
854 393 981 455 Graecos
1002 398 1132 456 homiues
1153 397 1217 456 fieri
1240 399 1314 458 solet

86 526 151 584 per:
175 513 224 571 ἕως
240 511 277 563 ἄν
297 509 358 567 vel:
382 509 413 562 οὐ
430 552 435 562 .
451 552 456 562 .
471 551 496 562 ..
518 511 582 581 πρὶν
603 507 640 560 ἅν
654 506 751 565 addito
766 508 929 581 praesentis
943 508 991 567 vol
1005 510 1106 567 aoristi
1121 511 1314 573 coniunctivo.

171 620 339 694 Exemplum
363 621 466 689 affero,
490 620 564 693 quod
587 623 640 687 est,
663 619 712 675 ubi
734 616 884 676 Vitruvius
906 620 1033 692 explicat
1058 622 1093 679 de
1115 637 1315 680 mensurarum

86 733 254 802 rationibus,
278 729 453 789 Graecorum
474 733 631 804 praecepta
653 735 783 789 secutus:

172 838 240 905 67‚1
260 854 330 904 quae
348 839 395 904 (sc.
408 835 536 908 μονάδες)
555 836 637 888 simul
656 840 748 888 autern
765 834 893 887 undecim
912 840 960 889 aut
977 835 1123 890 duodecim
1141 842 1206 891 sunt
1218 838 1315 907 factae,

87 931 160 998 quod
184 931 386 1000 superaverint,
409 949 465 984 non
483 935 600 999 possunt
622 945 681 983 esse
702 930 854 999 perfectae,
876 930 963 984 donec
981 931 1016 984 ad
1039 932 1156 985 alterum
1179 933 1316 986 decussim

85 1034 255 1102 perveniant.
291 1030 441 1090 Similiter:
466 1033 538 1102 ⁶272,
556 1033 605 1091 16.

171 1140 297 1201 Pen‘ecti
318 1145 517 1203 coniunctivus
538 1143 660 1215 legitur:

171 1250 257 1317 242,5
276 1248 378 1301 tradita
395 1248 586 1301 aestimatione
603 1247 777 1316 magistratui
795 1248 868 1301 bona
881 1249 938 1301 eius
956 1249 1122 1318 obligantur,
1141 1249 1228 1304 donec
1246 1269 1315 1319 opus

86 1343 123 1394 sit
139 1343 301 1411 perfectum.

171 1439 258 1504 2223
277 1438 301 1489 ei
320 1441 412 1490 autem
431 1439 478 1505 qui
498 1455 581 1506 supra
600 1437 664 1490 solis
682 1437 735 1488 iter
748 1437 940 1491 circinationes
952 1443 1097 1507 peragunt,
1115 1440 1235 1491 maxime
1254 1456 1317 1491 cum

84 1531 114 1582 in
132 1532 240 1599 trigono
259 1533 362 1584 fuerint
380 1533 454 1598 quod
475 1533 499 1584 is
521 1533 627 1600 inierit,
651 1536 709 1584 tum
732 1549 787 1583 non
809 1531 1027 1600 progrediuntur
1049 1533 1097 1585 sed
1119 1551 1258 1602 regressus
1281 1534 1317 1586 ia·

85 1625 188 1678 cientes
205 1632 355 1694 morantur,
374 1626 499 1693 doneque
518 1645 581 1679 cum
600 1626 672 1679 idem
692 1627 732 1678 sol
745 1627 779 1678 de
791 1643 823 1678 eo
842 1626 951 1695 trigono
969 1629 997 1679 in
1016 1627 1091 1680 aliud
1104 1628 1212 1696 signum
1232 1632 1316 1680 trans-

84 1719 199 1773 itionem
218 1721 332 1774 iecerit,

170 1835 455 1897 Commemorandum
477 1845 531 1910 est,
556 1839 737 1912 Draegerum
754 1837 849 1913 (Synt.
863 1837 901 1898 ll.
917 1856 985 1912 pag.
1001 1841 1061 1896 613
1078 1839 1131 1915 ss.)
1154 1842 1317 1912 praesentis

84 1950 259 2008 coniunctivi
280 1951 323 2007 ita
345 1952 475 2024 usurpati
500 1952 631 2023 exempla
654 1968 710 2008 non
728 1952 840 2008 ¹habere
863 1951 920 2008 nisi
942 1967 958 2007 e
980 1947 1082 2019 Curtii,
1107 1949 1202 2021 Plinii,
1225 1951 1318 2010 Taciti

83 2061 166 2119 libris
188 2067 310 2134 sumpta,
333 2062 454 2134 perfecti
476 2062 558 2120 nulla
580 2063 692 2120 omnino
716 2062 862 2122 exhibere.

170 2171 262 2246 Quam
284 2174 453 2231 brevissime
477 2174 596 2243 adnoto,
625 2191 687 2231 cum
715 2173 843 2247 doneque
867 2173 955 2230 semel
978 2172 1134 2249 (284,1o)
1157 2175 1317 2247 perfeetum

85 2286 250 2344 historicum
273 2287 422 2343 indicativi
446 2302 508 2342 esse
531 2285 720 2345 coniunctum.

170 2396 339 2470 Priusquam
367 2397 590 2469 disputationem
616 2401 744 2453 nostram
769 2396 915 2467 finiamus,
943 2397 1042 2470 paucis
1064 2414 1207 2470 exponere
1230 2399 1318 2457 liceat

83 2525 166 2566 usum
188 2509 394 2566 coniunctionis
416 2508 523 2581 quoad,
551 2525 637 2581 quam
666 2507 742 2580 apud
770 2509 925 2581 scriptores
947 2506 1065 2567 Latinos
1087 2509 1165 2566 haud
1185 2510 1228 2567 ita
1250 2526 1318 2567 raro

85 2620 173 2677 donec
200 2621 406 2677 coniunctionis
433 2636 551 2678 munere
579 2619 662 2691 fungi
689 2624 786 2676 notum
814 2626 868 2680 est.
918 2619 1004 2693 Apud
1032 2619 1196 2679 Vitruvium
1224 2621 1318 2694 quoad

83 2747 222 2802 nusquam
238 2732 326 2788 habet
341 2731 485 2788 notionem
500 2731 702 2803 temporalem
724 2731 775 2786 sed
790 2737 958 2789 constanter
972 2733 1106 2800 occurrit,
1129 2732 1178 2788 nbi
1194 2733 1318 2806 scriptor

84 2841 168 2898 dictis
189 2842 302 2899 modum
325 2842 465 2913 quendam
488 2847 617 2899 statuere
640 2841 704 2899 vult
725 2840 863 2917 (soweit).

169 2952 252 3011 Prius
275 2953 406 3026 exempla
429 2952 544 3009 alirmde
567 2958 681 3026 sumpta
703 2953 808 3011 afferre
830 2955 918 3011 liceat
939 2955 1025 3012 haec:

170 3058 276 3111 Cornel.
295 3059 363 3127 Nep.
382 3058 442 3111 Alc.
456 3059 480 3126 2,
492 3059 520 3111 3:
543 3057 572 3109 in
590 3074 708 3125 quorum
727 3075 819 3110 amore
838 3059 929 3126 quoad
947 3058 1053 3112 licitum
1067 3063 1110 3112 est
1121 3059 1216 3112 odiosa
1228 3061 1317 3113 multa

83 3150 199 3204 delicate
217 3153 362 3219 iocoseque
381 3152 454 3204 fecit.

169 3247 224 3299 cio
243 3247 355 3299 Tuscul.
374 3246 422 3299 IV.
442 3247 483 3299 38.
515 3246 633 3314 cognitis
651 3246 743 3313 quoad
760 3252 876 3316 possunt
895 3249 929 3301 ab
948 3248 1068 3302 hominis
1087 3249 1216 3318 cognosci
1234 3249 1316 3302 hono·

82 3358 143 3392 runi
162 3343 342 3394 etmalorum
361 3341 470 3394 finibus.

168 3459 302 3517 Videmus
325 3461 417 3532 igitur
438 3461 468 3518 in
491 3460 628 3518 eiusmodi
651 3460 802 3533 exemplis,
826 3461 874 3518 ubi
898 3478 917 3518 a
938 3462 1031 3533 quoad
1053 3462 1173 3520 verbum
1196 3463 1313 3536 aliquod

82 3572 223 3628 auxiliare
251 3589 418 3645 suspensum
445 3573 499 3642 sit,
527 3577 579 3628 aut
607 3571 674 3628 addi
703 3577 754 3630 aut
781 3573 970 3645 supplendum
997 3589 1061 3630 esse
1086 3573 1161 3630 idem
1184 3576 1313 3643 vertum,

81 3682 155 3755 quod
177 3683 266 3739 sitin
289 3684 437 3740 enuntiato
460 3682 607 3756 primario.
654 3681 728 3740 ltem
750 3682 912 3741 Vitruvius:

168 3788 225 3856 148,
239 3789 283 3841 26:
303 3787 394 3855 quoad
411 3788 490 3857 potui
503 3787 711 3840 distributiones
729 3805 844 3857 operum
862 3789 1028 3841 nostratium
1046 3831 1052 3842 .
1072 3831 1078 3843 .
1098 3831 1104 3843 .
1124 3832 1129 3843 .
1149 3791 1276 3858 explicui.

166 3904 278 3964 (leteris
306 3907 434 3964 omnibus
461 3906 531 3962 locis
557 3906 636 3978 potui
663 3907 752 3963 verbo
780 3907 915 3964 auxiliari
943 3908 1066 3965 alterum
1098 3909 1219 3967 verbum
1247 3910 1312 3965 sub·

80 4017 205 4074 iunctum
233 4025 291 4089 est,
318 4019 393 4076 unde
420 4017 569 4087 discimus,
596 4033 681 4088 quam
707 4019 742 4074 ob
765 4034 882 4075 causam
904 4018 1057 4091 explicatio
1079 4019 1249 4091 imperfecta
1271 4019 1310 4076 sit

80 4145 133 4184 nec
155 4129 296 4189 absoluta.

166 4234 221 4286 Cfr.
261 4235 303 4303 99,
316 4237 344 4288 6:
363 4235 455 4302 quoad
472 4234 550 4304 potui
569 4234 713 4302 attingere,
731 4234 853 4303 exposui.

257 4330 315 4397 loa,
328 4329 372 4382 15:
392 4372 397 4382 .
418 4371 423 4382 .
442 4329 534 4397 quoad
551 4329 630 4398 potui
649 4328 804 4397 significare
823 4328 942 4397 scriptis,
960 4329 1082 4398 exposui.

256 4425 313 4492 lae,
328 4425 371 4476 19:
391 4466 396 4476 .
417 4465 422 4476 .
441 4422 533 4491 quoad
550 4423 629 4492 potui
648 4423 880 4492 animaduertere,
896 4424 1022 4492 exposui.

248 4521 305 4586 146,
320 4520 365 4571 12:
386 4562 391 4572 .
412 4562 417 4572 .
437 4520 532 4588 quoad
550 4521 632 4592 potui
650 4521 817 4576 summatim
834 4519 1029 4592 personuisse,
1041 4513 1194 4584 quoqosu'x-
