2850 4808
604 194 813 250 ,31-

24 340 31 471 1
89 385 170 443 idem
199 383 336 454 temporis
365 383 489 454 spatium
522 398 697 454 prosequens
725 386 978 450 commemoratur,
1012 386 1042 439 et
1075 397 1172 439 eorum
1205 383 1328 440 maxime

91 495 259 564 verborum,
282 494 385 567 quibus
406 493 484 551 inest
505 492 679 564 significatio
700 491 858 550 voluntatis
880 491 928 550 vel
949 492 1150 564 possibilitatis
1172 492 1327 551 116116611-

24 594 35 693 ’1

93 606 174 664 tatis.
211 601 325 678 Optime
349 605 384 662 de
407 621 490 661 6616
513 602 852 672 (1111611111116111116616,
869 603 974 674 quiin:
991 601 1169 661 Vermischte
1184 601 1329 661 Schriften

93 715 276 791 (Altenburg
300 714 394 791 1833)
422 732 492 788 pag.
514 717 563 774 73.
608 716 663 773 hac
689 731 757 772 usus
784 718 829 772 est
851 714 1057 785 explicatione:
1081 715 1152 769 Mihi
1170 716 1199 770 in
1217 716 1260 770 his
1278 717 1329 769 Ro

93 820 169 874 mani
192 819 222 872 id
244 824 381 889 spectasse
403 818 541 889 videntur,
564 819 637 887 quod
656 819 764 872 etiamsi
783 819 913 887 actiones,
935 836 1006 886 quae
1028 820 1121 873 verbis
1141 837 1231 888 posse,
1249 820 1328 887 velle,
1370 886 1377 901 .

41 940 56 965 ·.
94 915 191 982 licere,
214 915 323 983 placere
337 915 525 982 declarantur,
544 914 699 967 continuari
718 931 828 967 necesse
847 919 901 982 est,
923 913 990 966 dum
1008 913 1081 967 actio
1099 915 1134 966 ab
1153 914 1188 967 iis
1205 915 1330 984 profecta

95 1008 246 1080 perficitur,
264 1013 356 1062 tamen
374 996 505 1078 potestas,
523 1009 650 1062 voluntas
669 1008 833 1076 praeoedere
852 1007 935 1061 etiam
954 1007 1056 1060 debent
1073 1007 1164 1077 ipsam
1182 1026 1248 1063 rem.
1335 1036 1337 1041 ·

181 1125 311 1201 Quorum
334 1129 488 1185 verborum
509 1128 636 1185 futurum
660 1131 793 1184 exactum
814 1127 857 1185 ita
878 1126 1001 1199 positum
1022 1127 1171 1185 invenitur
1190 1126 1265 1199 apud
1281 1123 1328 1183 Vi-

98 1240 234 1299 tmuium:
258 1242 330 1308 lue
348 1241 371 1293 si
390 1241 437 1308 qui
456 1241 581 1294 voluerit.
613 1243 655 1308 36,
669 1242 701 1292 19
719 1245 751 1292 ut
768 1245 884 1308 potuero
902 1239 1003 1303 dicam;
1023 1239 1089 1292 item
1103 1240 1160 1308 110,
1174 1241 1215 1291 20.
1233 1241 1292 1305 272,
1305 1241 1328 1293 2.

34 1416 37 1423 Ι
100 1353 156 1420 175,
171 1353 211 1405 15.
249 1348 466 1422 Nonnumquam
494 1367 563 1408 vero
594 1349 902 1423 plusquampem‘ectnm
933 1349 1108 1428 coniunctivi
1138 1349 1180 1406 ita
1207 1350 1330 1422 positum

24 1486 26 1493 ·
98 1463 242 1531 videmus,
270 1466 302 1519 ut
329 1478 446 1533 prorsus
473 1479 531 1519 non
559 1478 606 1519 res
629 1460 812 1530 antecedens,
843 1461 894 1518 sed
915 1461 959 1518 rei
981 1460 1101 1518 alicuius
1123 1465 1218 1519 status
1239 1460 1329 1532 signi·

96 1573 209 1643 ficetur,
231 1589 286 1645 quo
309 1577 443 1630 manente
467 1575 591 1631 alterum
614 1572 754 1631 evenerit.
800 1571 898 1630 Velut:
923 1574 1022 1640 59,18:
1042 1573 1121 1628 divus
1145 1573 1330 1627 Caesareum

97 1677 250 1733 exercitum
271 1677 413 1730 habuisset
435 1677 509 1731 circa
531 1677 616 1745 Alpes
638 1676 884 1744 imperavissetque
910 1675 1069 1746 municipiis
1095 1681 1235 1746 praestare
1261 1694 1331 1729 com-

97 1776 204 1826 meatus
226 1772 320 1839 ibique
339 1776 411 1824 esset
434 1774 577 1826 castellum
598 1772 737 1826 munitum
761 1814 766 1824 .
790 1814 795 1825 .
819 1814 825 1824 .
848 1813 854 1825 .
877 1775 944 1824 tunc
966 1770 1014 1838 qui
1036 1771 1065 1824 in
1088 1789 1119 1825 eo
1142 1772 1255 1825 fuerunt
1273 1813 1279 1824 .
1298 1814 1329 1824 ..

100 1867 249 1920 noluerunt
267 1866 382 1935 imperio
400 1884 504 1935 parere.

184 1982 266 2058 Quod
293 1984 605 2058 plusquamperfectum
636 2002 699 2043 cum
726 1984 879 2056 temporali
900 1984 1112 2042 enuntiatorum
1134 1984 1331 2041 coniunctione

99 2095 315 2163 exsolverimus
339 2097 490 2168 apparebit
512 2095 583 2153 illud
607 2099 750 2165 habuerat,
774 2096 809 2152 de
824 2111 879 2165 quo
894 2071 981 2167 supra
996 2095 1191 2155 disseruimus.

182 2205 348 2278 Disputatio
371 2207 406 2263 de
428 2206 527 2264 formis
543 2208 758 2269 enuntiatorum
781 2225 879 2265 acum
894 2224 1095 2281 suspensorum
1116 2208 1175 2264 iam
1197 2207 1332 2265 absoluta

105 2322 155 2379 sd:
170 2321 267 2376 restat
278 2322 311 2375 ut
323 2318 358 2375 de
371 2319 517 2376 adverbiis
528 2319 735 2393 temporalibus
749 2319 852 2389 dicam,
868 2335 942 2391 quae
953 2321 984 2376 11
998 2318 1115 2391 apodosi
1134 2318 1330 2377 inveniuntur.

99 2427 142 2487 Ac
155 2429 280 2502 primum
302 2445 337 2486 ea
353 2430 486 2501 exempla
509 2431 613 2488 afferre
627 2429 726 2498 liceat,
748 2431 779 2486 in
800 2431 902 2502 quibus
919 2447 983 2488 cum
997 2430 1190 2487 coniunctioni
1204 2434 1265 2487 tum
1280 2428 1330 2486 ad-

98 2541 231 2598 verbium
253 2540 297 2596 ita
319 2540 487 2613 respondet,
514 2548 547 2599 ut
575 2541 605 2598 id
627 2541 702 2613 quod
726 2541 757 2598 iu
779 2541 873 2599 altero
896 2541 1040 2599 enuntiati
1060 2542 1186 2598 membro
1209 2557 1330 2597 eommu-

88 2652 191 2721 vniter,
226 2651 256 2708 in
289 2650 381 2709 altero
408 2653 523 2724 proprie
556 2653 678 2712 dicatur.
735 2650 872 2710 Omnibus
903 2653 934 2709 in
960 2651 1098 2723 exemplis
1130 2668 1204 2722 quae
1232 2655 1332 2708 extant

98 2766 237 2835 quattuor
272 2767 332 2819 tum
361 2763 497 2820 adverbio
530 2764 738 2821 incrementum
774 2764 872 2820 afferri
903 2764 1032 2821 videmus
1064 2762 1162 2821 addito
1194 2762 1332 2821 adverbio

99 2873 199 2943 etiam,
222 2874 313 2931 veluti

186 2979 244 3046 148,
258 2979 291 3030 22
309 2996 372 3031 oum
391 2984 482 3032 autem
500 2979 530 3032 in
548 2979 676 3033 tricliniis
695 2979 847 3046 ceterisque
866 2979 1043 3032 conclavibus
1061 2978 1197 3032 maximus
1212 2981 1254 3031 est
1265 2995 1331 3031 usus

103 3072 250 3141 luminum,
269 3078 328 3125 tum
347 3074 430 3127 etiam
448 3075 476 3127 in
495 3074 640 3127 itineribus
660 3073 738 3127 clivis
758 3073 838 3127 scalis
856 3091 878 3127 e.
892 3092 918 3141 q.
938 3092 957 3127 s.
994 3074 1065 3127 Item
1084 3074 1142 3141 155,
1154 3074 1178 3126 4.

186 3189 309 3263 insuper
332 3192 499 3250 adverbium
521 3193 644 3249 maxime
662 3192 826 3249 adiunctum
849 3196 907 3251 est:
928 3195 982 3261 3‚4
1000 3211 1063 3246 cum
1075 3194 1105 3245 in
1118 3193 1244 3246 omnibus
1258 3192 1331 3244 enim

105 3295 196 3363 rebus,
214 3301 273 3348 tum
292 3297 411 3348 maxime
429 3297 511 3349 etiam
534 3297 563 3349 iu
582 3297 766 3350 architectura
790 3297 858 3349 haec
877 3297 931 3349 duo
949 3297 1051 3363 insunt,
1070 3295 1144 3364 quod
1163 3294 1333 3363 significatur

104 3392 135 3441 61
151 3389 224 3457 quod
244 3390 387 3458 significat.

186 3507 260 3566 ltem
287 3508 419 3565 tlictionis
446 3510 640 3567 abundantiae
670 3510 824 3567 tribuenda
852 3515 896 3567 est
924 3509 1068 3582 particula
1090 3514 1120 3565 et
1142 3507 1332 3564 coniunctioni

99 3634 165 3676 cum
188 3618 301 3677 addita:
326 3622 383 3689 178,
397 3623 440 3674 19;
460 3622 552 3690 itaque
572 3640 634 3674 cum
647 3625 675 3674 ct
688 3622 735 3674 alii
747 3624 837 3691 multi,
855 3626 914 3674 tum
927 3621 1011 3674 etiam
1024 3620 1157 3674 Faberius
1171 3620 1330 3672 scriba...

97 3723 250 3793 peristyliis
268 3724 387 3792 parietes
406 3743 500 3778 omnes
518 3725 628 3778 induxit
645 3725 739 3777 minio.

186 3840 232 3898 Ad
249 3859 283 3899 ea
306 3847 488 3901 transeamus
504 3844 663 3912 enuntiata,
687 3844 836 3914 inquibus
853 3848 912 3900 tum
929 3842 990 3900 sive
1013 3848 1081 3899 tunc
1098 3841 1237 3899 adverbia
1252 3857 1331 3913 spec-

99 3957 166 4010 tant
189 3953 226 4009 ad
249 3955 427 4011 enuntiatum
449 3955 616 4026 temporale,
639 3954 713 4025 quod
736 3955 873 4028 sequitur.
913 3953 1035 4025 Tempus
1057 3954 1158 4024 igitur,
1183 3951 1257 4023 quod
1279 3951 1330 4008 ad-

100 4065 202 4121 verbio
230 4065 381 4137 temporali
413 4066 571 4136 indicatur,
606 4065 754 4122 enuntiato
784 4065 934 4137 temporali
968 4065 1131 4121 accuratius
1160 4062 1330 4135 explicatur.

103 4171 242 4247 Exempla
263 4174 360 4233 inveni
384 4178 469 4236 haee:

187 4279 268 4348 (cum)
287 4280 328 4346 ar,
341 4282 364 4332 s.
384 4281 424 4332 55.
439 4283 478 4333 ro.

188 4375 275 4442 (cunc)
293 4376 388 4442 1611.
408 4375 520 4442 11116.

189 4491 278 4551 Multo
301 4493 415 4567 saepius
437 4498 496 4550 tum
510 4494 566 4551 vel
587 4498 654 4550 tune
673 4493 821 4566 pertinent
842 4492 879 4550 ad
902 4491 1081 4550 enimtiatum
1103 4491 1261 4567 temporale
1289 4491 1332 4551 ita
