2850 4808
601 192 808 250 -pp-

97 381 149 439 tivo
170 379 271 438 addita
292 379 435 452 particula
456 381 492 434 dv
512 379 698 452 respondere,
722 385 787 452 post
809 396 857 448 ea,
885 397 959 453 quae
981 381 1074 439 adhuc
1096 381 1316 454 disputavimus,

96 496 221 566 apparet.
266 489 366 564 Neque
388 507 458 552 vero
484 491 520 548 de
545 508 580 549 ea
606 508 639 550 re
662 491 817 563 disputatio
840 493 973 550 absoluta
1000 497 1058 559 est:
1086 493 1142 551 huc
1168 492 1321 552 redeamus

95 608 213 677 oportet,
236 620 300 661 cum
322 603 357 660 de
379 603 541 676 praesentis
563 602 736 660 coniunctivi
758 618 811 659 usu
833 603 987 674 egerimus.

174 711 357 773 Coniunctivi
384 715 546 787 praesentis
572 730 591 771 a
617 730 680 771 oum
706 714 838 786 suspensi
862 714 892 772 in
913 712 1040 772 Vitruvii
1066 715 1148 774 libris
1174 717 1319 789 permulta

92 831 155 884 sunt
179 825 319 898 exempla.
353 824 396 883 Ao
417 826 539 898 primum
561 825 596 882 de
619 826 662 882 eis
683 830 799 896 agatur,
822 826 924 896 quibus
946 826 1135 897 significatur,
1159 844 1220 885 cum
1244 827 1318 885 alte·

92 955 149 996 rum
173 938 223 1005 sit,
247 942 277 994 et
299 936 422 994 alterum
443 935 570 994 futurum
593 952 656 993 esse
679 937 726 994 vel
749 952 862 1007 semper
884 952 955 996 esse.
996 935 1101 995 Notum
1124 943 1169 996 est
1192 934 1319 996 Graecos

92 1051 118 1107 in
141 1065 175 1106 eo
199 1048 340 1106 dictorum
362 1064 470 1119 genere
492 1045 557 1102 ὅταν
574 1048 642 1117 (ἐάν)
664 1048 862 1106 coniunctione
889 1053 1056 1107 constanter
1077 1050 1121 1107 uti
1148 1067 1212 1108 cum
1233 1067 1318 1122 prae-

92 1161 179 1219 sentis
202 1159 383 1218 coniunctivo
405 1159 557 1217 coniuncta
579 1159 621 1216 ita
642 1159 726 1216 utin
749 1159 898 1218 enuntiato
926 1160 1063 1232 primario
1089 1161 1148 1219 sint
1171 1167 1222 1219 aut
1242 1161 1318 1219 iutu-

91 1289 150 1330 rum
177 1277 291 1343 tempus
317 1271 457 1328 ineertum
484 1270 625 1328 similiave
648 1273 709 1326 aut
734 1286 873 1340 praesens
899 1277 1011 1343 tempus
1037 1271 1189 1332 infinitum.
1234 1271 1318 1344 Apud

92 1381 221 1441 Latinos-
241 1382 266 1438 si
280 1380 424 1452 Draegeri
440 1381 548 1438 indices
556 1377 578 1456 ¹)
601 1381 774 1453 inspicimus,
797 1381 845 1452 qui
868 1383 962 1439 omnia
984 1383 1089 1441 aviris
1112 1383 1202 1441 doctis
1225 1384 1319 1440 adhuc

92 1495 245 1553 observata
267 1494 415 1551 continent
438 1525 474 1533 —
500 1494 622 1564 primum
636 1492 760 1549 Plinium
781 1493 811 1550 in
834 1495 976 1551 naturalis
991 1494 1130 1552 historiae
1153 1494 1235 1552 libris
1251 1510 1317 1552 oon-

90 1606 247 1663 iunctivum
272 1604 435 1676 praesentis
462 1605 504 1661 ita
530 1620 684 1674 usurpasse
711 1604 854 1672 videmus,
884 1610 917 1661 ut
943 1605 1117 1676 respondeat
1143 1603 1320 1664 Graecorum

91 1715 296 1774 consuetudini.
341 1715 448 1772 Tamen
475 1715 582 1772 nemini
608 1716 711 1773 mirum
732 1699 898 1785 videbitur,
931 1716 989 1772 iam
1019 1717 1050 1772 in
1078 1715 1204 1774 Vitruvii
1237 1717 1320 1775 libris

90 1827 300 1886 coniunctivum
334 1826 412 1884 illum
440 1827 602 1897 praesentis
633 1843 720 1900 saepe
748 1843 908 1886 oocrmrere.
953 1824 1052 1898 Neque
1085 1827 1160 1884 enim
1193 1827 1320 1885 dubitari

90 1943 207 2012 postest,
231 1939 299 2010 quin
318 1938 367 1994 ille
382 1954 458 2005 usus,
482 1942 514 1994 ut
535 1938 565 1994 in
588 1936 776 1995 Latinitatem
791 1938 828 1995 ad
844 1938 970 1996 deterius
985 1938 1135 1995 cadentem
1157 1939 1319 2012 irrepserit,

90 2051 130 2109 ita
151 2051 182 2108 in
197 2048 323 2107 Vitruvii
345 2050 432 2106 libros
448 2049 545 2105 eodem
561 2065 576 2104 e
592 2047 670 2105 fonte
686 2047 810 2107 fluxerit.
850 2048 910 2107 Nec
924 2049 1102 2119 mirabimur,
1125 2049 1200 2120 quod
1221 2049 1318 2108 Vitru-

91 2163 162 2232 vius,
186 2177 250 2218 cum
273 2161 428 2233 scriptores
451 2159 576 2216 eiusdem
599 2160 705 2217 aetatis
728 2161 924 2231 elegantiores
946 2158 1134 2218 Latinitatem
1155 2177 1258 2234 puram
1290 2167 1321 2218 et

94 2273 235 2349 integram
257 2273 412 2339 servarint,
435 2272 496 2343 ipse
520 2288 535 2327 e
557 2276 697 2344 perpetua
720 2272 892 2343 contagione
908 2269 1012 2329 Graeci
1036 2272 1175 2328 sermonis
1191 2268 1317 2330 Graeco·

90 2402 206 2459 rumque
230 2384 423 2455 exemplorum
445 2381 523 2439 haud
544 2382 676 2440 immunis
701 2415 737 2422 —
763 2388 795 2440 ut
817 2383 859 2440 ita
882 2382 975 2474 dicam
999 2415 1036 2424 -
1062 2383 1141 2441 exiit.
1180 2381 1318 2456 Exempla

89 2501 153 2554 sunt
175 2497 261 2554 haec:

174 2602 233 2667 264,
253 2601 285 2651 10
303 2601 341 2652 ita
360 2616 422 2651 cum
441 2603 501 2652 rota
519 2599 697 2668 progrediens
717 2596 809 2652 secum
829 2603 893 2668 agat
905 2603 1067 2668 tympanum
1086 2599 1173 2651 imum
1191 2603 1220 2651 et
1235 2597 1321 2651 denti-

90 2697 182 2749 culum
201 2695 259 2748 eius
279 2695 393 2761 singulis
411 2694 613 2746 versationibus
631 2695 756 2761 tympani
776 2695 925 2763 superioris
944 2693 1097 2746 denticulos
1115 2693 1227 2761 inpulsu
1241 2698 1321 2761 cogat

89 2790 246 2857 praeterire,
265 2789 368 2841 efficiet
386 2793 417 2840 ut
436 2806 457 2841 e.
472 2806 496 2856 q.
512 2807 530 2840 s.

174 2883 245 2936 Item
265 2885 305 2951 15,
321 2885 361 2935 25.

174 2983 383 3059 Frequentiora
405 2989 471 3040 sunt
493 2983 640 3054 exempla,
668 2999 788 3054 quorum
810 2983 838 3040 in
863 2984 980 3056 apodosi
1008 2989 1052 3041 est
1080 2984 1242 3057 praesentis
1270 3000 1318 3041 ao·

89 3096 185 3156 rietus.

175 3202 215 3267 lo,
229 3203 261 3252 26
287 3201 360 3253 idern
383 3203 430 3269 (so.
447 3200 562 3267 ferrum)
589 3217 651 3252 curn
677 3201 760 3254 molle
787 3205 815 3253 et
842 3200 960 3254 candens
983 3201 1173 3269 refrigeretur,
1201 3201 1318 3252 tinctum

90 3294 189 3364 frigida
208 3296 360 3348 redurescit
378 3300 406 3347 et
423 3295 579 3347 restituitur
597 3295 626 3346 in
645 3294 787 3362 antiquam
806 3296 1011 3364 proprietatem.

175 3389 245 3442 Item
264 3392 359 3458 editi.
388 3393 445 3458 109,
459 3393 499 3443 26.
529 3392 587 3457 123,
601 3391 641 3456 20,
655 3391 695 3441 24.
724 3390 818 3458 193,9.
847 3390 959 3455 220‚22.
988 3389 1207 3456 226,11,12,15.

173 3508 242 3566 Post
265 3527 309 3579 ea,
325 3527 405 3585 ,quae
429 3510 521 3567 adhuc
544 3509 579 3566 de
602 3507 778 3579 singulorum
801 3511 960 3579 temporum
976 3512 1006 3564 et
1020 3507 1166 3564 modorum
1190 3523 1243 3564 usu
1259 3507 1317 3563 dis-

88 3621 179 3689 serui,
209 3626 330 3693 apparet
353 3619 515 3679 Vitruvium
538 3617 680 3678 Graecum
703 3619 914 3675 coniunctivum
941 3619 1119 3691 praesentia,
1148 3619 1193 3675 cui
1221 3617 1321 3674 addita

89 3737 133 3788 est
154 3732 296 3804 particula
318 3734 361 3800 ἄν,
384 3732 496 3789 varium
524 3732 555 3788 in
582 3730 694 3787 modum
721 3729 892 3787 reddidisse:
923 3734 952 3786 et
979 3730 1140 3802 praesentis
1171 3734 1201 3786 et
1229 3727 1320 3785 futuri

87 3843 244 3900 indicativo
268 3849 297 3900 et
319 3843 480 3915 praesentis
502 3843 693 3900 coniunctivo.
722 3872 760 3882 -
793 3837 1023 3897 Commemorare
1045 3841 1092 3897 hie
1114 3839 1210 3909 liceat,
1239 3839 1318 3906 illud,

88 3954 123 4011 de
146 3970 200 4026 quo
224 3955 345 4025 agimus,
368 3952 542 4012 Graecorum
564 3953 670 4010 idioma
692 3951 857 4009 Latinorum
884 3952 1060 4024 temporibus
1083 3967 1117 4007 ao
1139 3950 1230 4007 modis
1252 3956 1319 4022 apte

87 4065 171 4122 reddi
198 4081 254 4121 non
280 4082 373 4138 posse.
419 4064 586 4123 LatInorum
620 4065 695 4122 enim
728 4062 908 4119 coniunctivo
938 4062 1101 4133 praesentis
1135 4062 1211 4118 inest
1242 4061 1319 4118 notio

86 4193 165 4233 mere
191 4176 371 4248 potentialis,
399 4177 474 4248 quod
502 4177 642 4235 dictorum
670 4191 762 4246 genus
784 4171 888 4231 Graeci
916 4172 1052 4244 optativis
1075 4172 1135 4228 suis
1157 4172 1319 4243 exprimere

87 4287 190 4344 solent.
229 4285 389 4345 indicativo
412 4294 509 4344 autern
531 4287 693 4359 praesentis
715 4291 746 4343 et
766 4285 862 4342 futuro
884 4284 975 4356 primo
990 4284 1120 4340 membra
1142 4283 1234 4339 artius
1256 4283 1318 4339 iun-

180 4506 202 4573 ¹)
222 4503 275 4557 cfr.
296 4505 424 4572 Dracger.
444 4503 547 4557 Hister.
567 4503 643 4572 Synt.
663 4503 714 4556 vol.
729 4502 764 4554 ΙΙ.
784 4521 810 4570 p.
824 4503 882 4554 575.
