2850 4808
608 213 815 272 ’.ιιι-

185 404 358 479 Disputatio,
381 416 552 476 quae-nuuc
574 403 630 461 erit
651 402 810 473 deforma,
833 403 871 460 ad
893 405 1099 464 eas=videlicet
1120 407 1247 479 pertinet
1269 407 1329 466 ior-

100 534 176 588 mas,
206 533 279 589 quae
306 513 385 573 eunti
399 515 509 587 passivi
537 515 663 587 generis.
711 512 862 574 Vitruvius
890 516 965 573 enim
979 516 1079 590 longe
1105 518 1329 591 plurimisdocis

101 645 169 687 usus
192 634 238 687 est
259 627 358 685 formis
380 594 586 685 iuturi'exacti
602 627 691 684 fuerit
705 625 815 684 luerint
829 643 892 684 cum
907 628 1068 701 participiis
1082 628 1203 702 perfecti
1218 630 1330 701 passivi

100 740 269 799 coniunctis.
287 718 403 810 *Neque
426 754 506 807 vero,
530 752 592 796 cnm
613 738 683 796 mihi
697 738 737 795 sit
750 739 927 811 propositum
943 740 1087 811 explicare
1108 756 1189 797 usum
1204 739 1329 809 dIcendi

99 853 147 925 qui
174 851 268 908 sitin
296 850 454 908 enuntiatis
480 851 699 922 temporalibus,
731 849 827 907 iacere
853 866 982 923 possum,
1017 855 1049 908 ut
1036 851 1160 909 ts'olis
1172 851 1207 908 de
1236 850 1329 910 futuri

99 965 194 1022 exacti
216 962 315 1021 formis
337 962 486 1029 disseram,
509 978 576 1018 nam
591 966 621 1018 et
642 961 763 1033 perteeti
787 968 817 1019 et
838 962 1111 1069 plusquampert'ecti
1087 962 1242 1020 tiormae'
1264 963 1327 1035 ple·

98 1076 195 1133 niores
216 1073 293 1131 haud
319 1070 362 1131 ita
384 1074 456 1131 r'aro
479 1073 509 1129 in
531 1070 657 1131 Vitruvii
678 1071 761 1130 libris
782 1052 936 1131 occurrunt
964 1079 994 1130 et
1020 1091 1072 1147 per
1099 1091 1130 1131 se
1158 1074 1271 1146 positae
1297 1079 1328 1131 et

98 1204 200 1244 acum
223 1185 423 1243 coniunctione
446 1189 612 1256 suspensae
854 1186 857 1194 ‘
964 1191 966 1196 '

153 1380 155 1387 ‚
183 1312 337 1372 Contendit
359 1311 522 1383 Madvigius
549 1313 578 1369 in
601 1300 809 1396 disputatione,
823 1283 892 1384 'utra
918 1315 1064 1387 probavit:
1089 1314 1240 1372 discrimen
1267 1314 1328 1373 ior·

97 1443 210 1484 marum
232 1430 345 1482 amatus
367 1441 427 1481 sum
451 1429 481 1480 et
503 1429 615 1482 amatus
637 1423 678 1481 sui
701 1441 719 1480 a
740 1425 888 1481 veteribus
911 1431 941 1481 et
959 1405 1244 1497 bornis'scriptoribus
1259 1443 1327 1484 con·

98 1537 274 1595 stantissime
301 1530 479 1608 servatum)
503 1552 581 1604 esse,
610 1535 675 1593 illas
701 1535 823 1608 perfecti
850 1535 957 1592 formas
984 1553 1001 1592 a
1028 1537 1109 1594 bonis
1138 1537 1328 1609 scriptoribus

98 1665 155 1707 non
176 1647 309 1719 usurpari
331 1646 390 1715 nisi
408 1646 460 1715 ita,
483 1651 516 1704 ut
537 1647 572 1704 iis
595 1646 787 1717 significatur:
812 1648 999 1717 ,praeteritum
1018 1653 1126 1718 tempus
1149 1650 1189 1702 rei
1212 1650 1328 1703 effectae

98 1759 126 1807 et
144 1754 172 1806 in
188 1758 264 1811 ,statu
283 1751 375 1819 aliquo
393 1751 538 1818 manentis,
557 1756 588 1804 ιιι
605 1751 752 1820 participio
765 1756 861 1828 status,
880 1751 964 1803 verbo
981 1768 1043 1802 eum
1056 1752 1140 1804 fuisse
1154 1752 1328 1833 declaretur‘.

184 1870 264 1946 Quae
285 1870 441 1928 formarum
468 1870 512 1928 vis
539 1885 605 1940 cum,
631 1869 661 1925 in
690 1869 819 1926 omnibus
846 1869 999 1942 exemplis,
1022 1885 1095 1939 quae
1123 1867 1288 1941 Madvigius
1310 1887 1326 1929 e

97 1981 244 2048 Ciceronis
267 1987 296 2039 et
318 1980 392 2040 Livii
413 1981 496 2039 libris
518 1980 626 2048 attulit,
649 1986 708 2038 tuni
732 1981 761 2037 in
784 1982 837 2038 hoc
859 1980 1041 2054 apertissima
1064 1986 1121 2037 est:

183 2106 241 2158 Liv.
255 2102 410 2156 XXXVIII.
425 2103 465 2169 56,
482 2104 509 2156 3:
529 2102 599 2156 Nam
611 2108 639 2155 et
651 2103 755 2157 LIterni
768 2107 976 2170 monumentum
988 2107 1221 2175 monumentoque
1234 2109 1322 2158 statua

98 2198 310 2270 superimposita
326 2197 388 2264 fnit,
406 2214 489 2264 quem
507 2201 671 2264 tempestate
689 2197 823 2250 deiectam
842 2215 930 2267 nuper
947 2197 1067 2251 vidimus
1086 2196 1146 2264 ipsi.

183 2316 286 2375 Forma
314 2316 533 2388 superimposita
559 2314 615 2371 fuit
645 2316 803 2386 significari
834 2322 971 2388 apparet,
1009 2333 1071 2373 eam
1107 2319 1234 2373 statuam
1270 2317 1325 2374 ali·

97 2429 231 2502 quamdiu
265 2427 514 2500 superimpositam
546 2427 701 2495 mansisse,
734 2431 795 2483 tum
829 2426 968 2484 deiectam
998 2443 1075 2486 esse.
1120 2425 1193 2483 lMud
1228 2433 1326 2486 autem

97 2538 237 2611 Madvigii
258 2543 444 2611 praeceptum
465 2555 502 2595 ne
528 2538 581 2596 illa
602 2538 714 2611 quidem
742 2537 872 2609 exempla
894 2538 989 2594 omnia
1011 2537 1173 2609 complecti,
1197 2554 1272 2609 quae
1295 2541 1325 2599 iu

98 2648 173 2709 Livii
200 2655 231 2707 et
252 2645 399 2707 Ciceronis
425 2648 509 2706 libris
535 2650 733 2717 inveniuntur,
762 2653 841 2706 recte
869 2649 1006 2720 cognovit
1028 2647 1222 2708 Kuohuastus.
1268 2650 1324 2726 Qui

97 2762 143 2820 vir
165 2761 345 2818 doctissImus
367 2761 397 2817 in
419 2761 541 2833 egregio
567 2760 616 2817 illo
638 2760 727 2830 libro,
757 2761 802 2818 cui
829 2760 987 2832 inscripsit:
1026 2760 1090 2831 „die
1113 2757 1321 2832 Hauptpunkte

97 2873 149 2930 der
171 2870 370 2930 Livianischen
393 2868 504 2944 Syntax
527 2869 646 2945 (BerMn,
672 2870 787 2945 1872)“
810 2872 875 2929 illas
898 2869 932 2927 de
955 2871 1058 2942 quibus
1081 2871 1193 2941 agimus
1215 2870 1323 2931 formas

97 2988 157 3041 tum
179 2983 313 3054 usurpari
336 2982 440 3051 docuit,
466 2998 568 3053 „wenn
591 2982 671 3038 nicht
692 2982 800 3040 sowolrl
815 2982 868 3038 auf
885 2982 931 3039 die
952 2979 1133 3050 vollendung
1156 2981 1208 3038 der·
1223 2979 1322 3041 Hand·

96 3094 177 3166 lung,
200 3095 244 3150 als
266 3093 471 3163 iiberwiegend
495 3092 547 3150 auf
567 3093 619 3149 das
634 3091 767 3151 Resultat
789 3092 949 3161 derselben,
973 3092 1026 3150 auf
1038 3092 1083 3148 die
1101 3090 1323 3167 llnwmkelung

97 3206 146 3263 des
168 3203 344 3273 Zustandes‚
373 3204 425 3261 der
447 3204 508 3261 sloh
530 3220 582 3261 aus
604 3204 650 3260 ihr
672 3205 799 3274 ergiebt,
823 3204 1054 3274 geriicksichtigt
1075 3202 1158 3269 wird‚
1183 3205 1240 3260 und
1264 3205 1320 3280 (bei

95 3315 176 3376 Pass.
205 3315 313 3373 sowohl
342 3315 385 3372 als
407 3315 453 3371 bei
476 3312 614 3389 Depon.),
647 3332 714 3385 mag
741 3314 835 3371 dieser
857 3313 983 3372 Zustand
1011 3314 1057 3370 die
1082 3311 1241 3371 l'ortdauer
1271 3317 1322 3375 der

96 3425 253 3499 Handlung
275 3426 447 3494 Involviren,
471 3426 540 3483 oder
562 3426 688 3483 dleselbe
712 3429 811 3504 spiller
833 3425 988 3496 aufgelrdrt
1009 3416 1136 3484 haben‘.

181 3536 250 3595 Mihi
272 3532 385 3610 quidem
408 3536 513 3610 duplex
535 3537 585 3595 illa
607 3522 762 3594 formarum
783 3535 955 3608 significatio
971 3541 1030 3593 tum
1046 3535 1180 3593 faciMime
1195 3537 1321 3607 intelligi

94 3666 178 3722 posse
201 3648 324 3718 videtur,
347 3664 410 3705 cum
432 3648 653 3717 meminerimus
679 3648 733 3719 ipsi
756 3647 883 3720 perfecto
905 3645 961 3704 fult
983 3665 1018 3705 ex
1040 3649 1177 3705 universa
1198 3644 1320 3718 perfecti

95 3765 201 3818 natura
223 3760 363 3833 duplicem
385 3760 479 3816 inesse
506 3760 573 3817 vim.
619 3756 693 3816 Nam
721 3762 771 3814 aut
798 3763 842 3815 est
867 3760 1024 3830 perfectum
1046 3759 1185 3830 logicum,
1212 3762 1244 3814 ut
1265 3755 1321 3813 luit

95 3871 239 3943 significet
261 3870 369 3942 aliquid
389 3886 465 3928 nuuc
486 3886 543 3927 uon
565 3885 638 3938 esse,
661 3870 742 3928 velut
763 3868 833 3925 illud
855 3870 1074 3943 superimposita
1095 3869 1150 3927 fuit
1171 3870 1191 3928 i.
1208 3886 1233 3928 e.
1259 3869 1320 3940 „sie

95 3982 180 4040 stand
201 3981 300 4039 frither
321 3980 433 4050 darauf,
452 3980 528 4053 jetzt
549 3981 629 4038 nicht
650 3982 762 4040 mehr“.
808 3981 866 4038 Aut
888 3987 932 4038 est
959 3980 1116 4052 perfectum
1142 3980 1320 4048 historicum,

95 4110 149 4166 quo
171 4095 201 4150 in
223 4099 351 4167 tempore
373 4098 404 4150 et
425 4092 553 4150 actiones
575 4095 605 4148 et
626 4096 720 4148 status
741 4108 838 4149 rerum
860 4096 1013 4164 ponuntur,
1036 4092 1083 4163 qui
1099 4091 1136 4149 ad
1156 4090 1230 4147 alias
1245 4090 1319 4146 eius-

95 4205 159 4262 dem
181 4204 333 4277 praeteriti
355 4204 493 4277 temporis
514 4203 641 4260 actiones
663 4201 838 4262 referuntur.
875 4201 977 4275 ltaque
1000 4203 1168 4275 perfectum:
1192 4203 1320 4256 insu-uoti

95 4318 206 4370 fuerumt
225 4318 293 4380 (liv.
306 4318 339 4371 X.
354 4318 393 4370 19.
408 4318 450 4386 14)
474 4311 603 4386 —quod
626 4313 785 4387 exemplum
808 4314 885 4386 elegi
908 4331 944 4370 ex
966 4314 1018 4383 eis,
1041 4330 1114 4386 quae
1127 4312 1321 4371 Muelrnastus

186 4526 207 4591 ¹)
227 4524 258 4575 Iu
278 4542 369 4592 opusc.
389 4523 463 4577 acad.
483 4525 535 4576 vol.
549 4522 585 4576 II.
605 4539 667 4593 pag.
680 4524 738 4577 alu.
