2850 4808
605 214 812 270 -10-

182 400 321 461 Similiter
343 401 422 459 dieta
448 407 528 461 sunt:
552 407 628 473 4737
658 405 899 475 pseudisodomum
927 405 1050 475 (dicitur)
1073 424 1136 460 cum
1158 407 1274 477 inpares
1303 411 1335 461 et

96 509 253 577 inaequales
272 509 381 563 ordines
400 507 537 561 coriorum
556 508 721 576 diriguntur.

181 610 310 683 Denique
332 626 554 668 commemorare
575 610 664 668 liceat
684 611 836 668 nonnullos
858 611 948 681 locos,
977 611 1025 668 ubi
1047 627 1132 683 quam
1153 610 1330 670 1000111011-

96 724 168 781 tiam
190 722 350 781 coniunctio
373 738 436 780 cum
459 721 626 795 accipienda
648 723 687 779 sit
708 722 794 781 valde
816 722 943 781 dubitari
964 727 1070 796 potest.

181 828 257 896 eale
275 829 473 880 natare'autern
492 843 537 879 eos
556 827 603 895 (sc.
623 827 733 895 lateres)
751 844 830 896 posse
848 827 910 881 ideo
928 827 1038 881 videtur
1056 827 1130 896 quod
1142 831 1217 881 terra
1229 832 1274 881 001
1291 827 1329 881 de

96 940 151 991 qua
163 922 304 976 ducuntur
321 922 470 991 pumicosa.
489 921 529 973 110
547 938 610 974 cum
628 926 670 975 est
688 921 765 990 levis,
783 939 845 976 aere
864 922 981 976 solidata
998 940 1053 975 non
1066 922 1165 992 recipit
1183 922 1212 976 in
1224 939 1255 976 sc
1274 939 1328 976 nec

96 1017 230 1071 combibit
248 1017 391 1084 liquorem.

182 1133 331 1194 Vitruvius
353 1136 393 1194 ibi
416 1134 547 1208 exponit,
570 1150 644 1207 quae
667 1135 725 1192 sint
744 1136 868 1194 virtutes
889 1141 988 1193 terrae
1003 1135 1176 1207 pumicosae.
1220 1132 1328 1193 Altera

97 1252 156 1306 est:
182 1252 263 1305 terra
285 1252 331 1304 001
351 1248 440 1314 10111ος
464 1246 572 1304 altera:
596 1263 665 1304 aere
680 1246 805 1305 solidata
826 1264 882 1304 non
902 1247 1006 1320 resipit
1027 1245 1176 1319 liquorem.
1221 1244 1327 1319 Itaque

95 1358 143 1429 fit,
166 1363 199 1416 ut
219 1358 328 1415 1010100
351 1375 386 1415 ex
410 1375 446 1416 00
472 1359 550 1416 ducti
571 1363 675 1416 natent
700 1359 730 1416 in
758 1375 862 1431 aquam
888 1359 1020 1431 proiecti.
1047 1388 1082 1398 -
1108 1355 1149 1414 Eo
1176 1357 1269 1429 igitur
1295 1358 1327 1415 in

97 1470 240 1542 exemplo,
269 1469 343 1542 quod
371 1487 459 1542 supra
484 1470 583 1544 posui,
611 1470 791 1529 enuntiatum
818 1469 1018 1526 secundarium
1044 1468 1182 1542 primario
1208 1468 1326 1526 minime

97 1586 161 1639 arte
184 1581 362 1638 subiunctum
386 1587 431 1640 001
452 1582 650 1640 coniunctione
674 1599 751 1652 cum,
775 1580 825 1639 sed
846 1580 912 1639 laxe
935 1585 1002 1637 sunt
1024 1582 1193 1654 composite:
1217 1581 1325 1640 01101-

97 1709 172 1750 mam
195 1691 329 1764 respicio,
352 1710 405 1766 per
428 1693 689 1763 ,subiunctionem‘,
713 1695 737 1751 si
761 1708 874 1750 sensum
897 1709 931 1750 00
953 1692 1011 1749 vim
1034 1697 1163 1765 spectas,
1190 1710 1244 1766 per
1268 1710 1324 1762 ,co-

97 1804 328 1864 ordinationem‘.
371 1803 546 1862 Vertendnm
569 1810 680 1865 0011110
702 1805 808 1864 iudice:

185 1930 332 1989 Wahrend
355 1933 397 1990 sie
420 1949 451 1990 so
474 1933 626 1991 einerseits
646 1933 737 1992 leicht
762 1933 817 2003 ist,
845 1933 947 1990 nimmt
972 1933 1014 1990 sie
1038 1930 1259 2008 (andererseits)
1287 1951 1326 1992 an

96 2043 149 2101 der
170 2041 237 2102 Luit
259 2044 397 2116 gehartet
419 2044 503 2102 keine
527 2042 733 2118 Fenchtigkeit
759 2047 790 2102 in
813 2045 874 2103 sich
896 2044 955 2102 auf.
999 2040 1087 2102 Certe
1113 2045 1163 2102 ille
1191 2045 1325 2103 coniunc-

94 2154 183 2212 tionis
204 2171 268 2212 oum
290 2170 357 2212 usus
384 2155 562 2227 aliquantum
590 2157 679 2215 habet
706 2157 966 2230 negligentiae-
992 2172 1066 2228 quae
1091 2155 1169 2213 haud
1195 2155 1255 2215 scio
1288 2173 1328 2214 an

96 2265 228 2338 vulgaris
250 2267 390 2324 sermonis
411 2267 546 2324 licentiae
569 2267 723 2326 tribuenda
745 2268 792 2328 sit.

183 2375 282 2452 Neque
306 2378 452 2436 dissimilis
474 2383 520 2436 est
540 2379 587 2437 hic
608 2379 700 2438 locus:

183 2484 275 2550 1321ss
298 2483 391 2535 omnia
414 2483 487 2536 enim
510 2502 625 2537 munera
647 2484 773 2538 fortunae
796 2503 859 2538 curn
882 2485 983 2537 dantur
1005 2482 1039 2535 ab
1067 2500 1099 2536 ea
1126 2482 1246 2535 faciliter
1272 2482 1327 2535 adi-

95 2582 222 2646 muntur,
249 2577 412 2646 disciplinae
434 2595 500 2631 vero
524 2578 687 2632 coniunctae
710 2596 773 2631 curn
796 2578 894 2631 animis
922 2578 998 2631 nullo
1025 2583 1149 2646 tempore
1176 2576 1327 2646 deficiunt,

97 2670 145 2723 sed
162 2677 325 2739 permanent
343 2672 481 2726 stabiliter
499 2672 534 2725 ad
552 2690 690 2725 summum
709 2673 814 2725 exitum
832 2673 914 2726 vitae.

183 2788 264 2863 Quae
287 2792 378 2849 verba
401 2789 498 2849 Reber
512 2788 531 2866 Ι)
554 2792 712 2851 convertit:
757 2789 839 2849 Denn
862 2792 901 2850 da
923 2792 979 2849 alle
1003 2789 1130 2848 anderen
1146 2786 1247 2848 Gaben
1270 2807 1327 2848 von

97 2901 161 2958 dem
189 2899 337 2959 Schiclrsal
364 2903 499 2974 gegeben
526 2902 658 2972 werden,
693 2902 810 2961 werden
838 2903 880 2961 010
908 2904 982 2961 auch
1009 2903 1077 2960 sehr
1103 2902 1192 2959 1010111
1218 2900 1328 2959 wieder

96 3028 153 3071 von
175 3011 234 3069 ihm
257 3028 437 3084 genommen.
479 3010 578 3086 Neque
602 3031 671 3072 vero
692 3019 761 3087 puto
784 3015 835 3072 illa
857 3015 1043 3074 conversione
1066 3017 1229 3071 structurae
1251 3011 1326 3068 diffi-

96 3122 234 3181 cultatem
261 3123 325 3181 tolli
350 3140 443 3196 neque
477 3129 611 3182 accurate
645 3125 740 3194 reddi,
774 3143 847 3200 quae
882 3124 1030 3184 Vitruvius
1063 3125 1158 3182 dicere
1191 3122 1326 3182 voluerit.

95 3230 180 3292 Hunc
202 3251 311 3308 quoque
338 3235 430 3293 locum
452 3235 495 3293 ita
517 3236 741 3294 convertendum
763 3253 826 3293 0000
849 3253 965 3305 censeo,
988 3240 1020 3292 ut
1041 3234 1182 3292 enuntiati
1198 3234 1327 3291 membra

95 3344 223 3418 ipsarum
247 3346 455 3404 sententiarum
478 3348 600 3420 quodam
627 3362 766 3420 responsu
793 3347 934 3404 contineri
963 3348 1117 3420 appareat:
1163 3342 1246 3402 Dcnn
1269 3344 1326 3402 alle

95 3452 196 3514 Gaben
225 3456 276 3514 des
298 3453 405 3516 Gliicks
432 3459 565 3528 werden,
593 3458 732 3519 wahrend
756 3456 792 3531 (s.
815 3456 882 3534 wic)
910 3458 951 3515 sie
979 3455 1129 3514 0100100110
1154 3455 1244 3513 1010111
1269 3472 1326 3513 von

94 3566 153 3624 ihm
177 3568 310 3639 gegeben
333 3567 460 3638 werden,
485 3570 590 3626 ebenso
613 3568 723 3627 wieder
745 3586 800 3627 von
822 3569 882 3626 ihm
904 3584 1083 3641 genommen.

74 3756 79 3763 ‚
181 3694 359 3753 Adverbium
393 3699 514 3752 faciliter
552 3697 630 3755 inter
662 3699 768 3767 verba,
807 3699 908 3752 dantur
940 3702 971 3756 et
1003 3700 1164 3752 adimuntur
1202 3694 1326 3768 positum

95 3806 209 3879 utrique
241 3808 390 3866 enuntiato
416 3825 462 3866 me
489 3808 581 3866 iudice
608 3825 756 3866 commune
790 3814 844 3868 est.
889 3808 989 3882 Neque
1024 3809 1099 3866 eninr
1133 3806 1230 3864 verbis
1263 3825 1325 3860 cum

96 3919 199 3973 dantur
217 3921 251 3973 ab
270 3938 310 3988 ca,
335 3919 359 3977 si
374 3936 427 3993 per
442 3936 473 3977 00
489 3920 585 3994 posita
614 3935 677 3976 0000
696 3925 878 3993 putaremus,
901 3921 1051 3994 quicquam
1073 3919 1141 3976 novi
1156 3918 1265 3975 inesset
1287 3950 1322 3959 -

96 4036 164 4089 sunt
186 4031 262 4089 enim
283 4031 314 4088 in
336 4031 500 4088 sententiae
522 4029 617 4103 capite
639 4031 745 4090 verba:
769 4048 890 4089 munera
911 4030 1087 4090 fortunae.

182 4140 239 4200 Sed
260 4143 384 4201 fortasse
407 4141 467 4199 alia
487 4140 701 4216 interpretandi
722 4141 771 4200 via
792 4147 884 4216 patet.
928 4139 958 4200 Si
981 4142 1056 4200 enim
1078 4141 1142 4215 quis
1165 4139 1326 4212 suspicetur

98 4285 134 4294 -
155 4252 186 4310 id
207 4253 281 4326 quod
302 4270 357 4326 per
378 4269 493 4312 sensum
514 4251 578 4310 fieri
599 4256 697 4325 potest
714 4283 750 4294 -
770 4253 920 4311 enuntiata
936 4253 1079 4311 contineri
1093 4253 1124 4311 vi
1140 4251 1326 4310 adversativa

186 4437 208 4504 ¹)
227 4437 281 4489 Des
300 4435 444 4490 Vitruvius
463 4434 532 4488 zehn
544 4433 654 4487 Biicher
670 4434 739 4487 iiber
750 4433 939 4502 Architektur,
958 4434 1098 4487 iibersetzt
1109 4450 1164 4486 von
1176 4431 1224 4485 Dr.
1237 4431 1325 4484 Franz

96 4521 194 4576 Reber.
231 4520 331 4592 Stuttg.
353 4523 426 4576 1865.
444 4524 481 4592 (p.
502 4521 569 4589 168).
