2948 4808
640 202 848 266 ..34-

129 383 158 443 in
176 384 205 442 id
224 385 396 443 coronarium
415 406 484 459 opus
503 389 657 444 admixtum
675 407 742 457 esse,
761 390 920 459 indignatus
939 389 1024 444 Hiero
1042 434 1048 445 .
1068 434 1074 445 .
1094 434 1099 445 .
1119 390 1361 463 ,1011111111ιί-

128 486 236 539 medem
254 485 296 539 uti
314 485 342 538 in
362 501 390 537 se
409 488 529 537 sumeret
547 484 599 537 sibi
618 483 652 537 de
670 501 702 537 eo
721 484 923 553 cogitationem.

214 586 275 644 Duo
297 587 376 643 facta
397 590 570 643 narrantur:
595 586 731 643 indicium
746 602 809 643 esse
823 586 941 657 factum,
955 591 1067 645 -tum
1083 585 1238 646 Hieronem
1252 588 1359 647 Arubi-

127 699 239 756 medem
261 714 391 770 rogasse.
428 696 530 755 Altero
553 713 623 754 vero
645 697 706 754 loeo
730 699 838 768 (59,30)
860 714 917 756 nou
939 697 968 755 id
990 703 1103 756 tautum
1118 700 1213 758 dicere
1229 700 1292 758 vult
1306 698 1359 757 Vi-

128 809 253 866 truvius:
287 809 408 880 primum
435 809 502 878 hoc,
535 813 596 864 tum
628 808 698 864 illud
724 808 832 865 factum
859 824 936 878 esse,
970 825 1061 881 ueque
1089 809 1171 869 dicit:
1205 815 1362 883 postquam

127 918 241 977 flamma
268 919 369 991 virgas
396 918 626 992 comprehendit,
660 917 697 974 ad
719 918 831 975 caelum
859 919 938 976 elata
965 926 1018 978 est.
1064 916 1120 977 Sed
1147 921 1242 978 omnia
1268 922 1362 979 totius

128 1031 270 1088 enuntiati
297 1031 463 1103 temporalis
489 1029 619 1087 membra
642 1028 742 1087 valent
769 1035 957 1103 adspectant
983 1032 1020 1088 ad
1042 1049 1129 1090 unum
1156 1031 1186 1088 id
1208 1031 1360 1103 explican-

127 1142 202 1211 dum,
225 1142 300 1213 quod
321 1158 459 1200 summum
482 1145 541 1199 est:
570 1138 702 1197 flammae
725 1139 870 1212 effectum,
898 1158 953 1212 quo
977 1143 1004 1199 ei
1026 1143 1075 1215 qui
1097 1143 1220 1200 aderant
1243 1143 1360 1216 decepti

127 1259 202 1312 sunt.
235 1249 289 1310 Oui
304 1269 373 1310 vero
395 1253 449 1310 boc
466 1251 646 1323 probabitur,
669 1250 808 1308 concedat
823 1257 946 1324 oportet,
969 1253 1181 1311 coniunctivum
1199 1253 1282 1312 illum
1299 1271 1358 1323 ,re-

125 1365 267 1432 lativum‘,
290 1380 373 1434 quem
396 1379 413 1419 a
436 1379 499 1420 cum
521 1363 719 1420 coniunctione
742 1378 909 1434 suspensum
931 1363 1017 1435 louge
1040 1365 1207 1437 saepissime
1230 1365 1359 1423 inveniri

126 1480 252 1544 constet,
280 1476 349 1532 item
372 1490 435 1531 cum
457 1480 643 1546 posteaquam
665 1473 862 1531 coniunctione
883 1491 1086 1547 nonnunquam
1108 1476 1289 1533 coniunctum
1310 1477 1357 1535 vi-

126 1588 197 1646 deri.
242 1584 341 1657 Neque
364 1586 433 1642 mihi
460 1585 574 1657 quidem
601 1584 672 1641 illud
699 1590 862 1642 structurae
886 1601 978 1656 genus
1005 1591 1064 1644 tam
1087 1587 1171 1643 valde
1198 1587 1358 1644 abhorrere

125 1698 241 1756 videtur
263 1714 281 1753 a
302 1701 489 1769 posteaquam
511 1697 718 1754 coniunctionis
740 1702 849 1753 natura
871 1702 900 1754 et
922 1696 1143 1767 significatione,
1170 1702 1203 1754 ut
1224 1698 1358 1755 omuibus

125 1809 262 1866 eiusmodi
285 1807 422 1879 exemplis
444 1807 530 1865 fidem
551 1824 668 1880 prorsus
691 1808 888 1879 abrogandam
912 1824 974 1865 esse
998 1825 1140 1868 censeam.

685 1973 790 2044 simul

124 2145 284 2203 coniunctio
307 2147 474 2201 constanter
495 2143 526 2199 iu
546 2143 588 2200 eis
610 2142 747 2201 librorum
762 2142 894 2215 partibus
909 2143 1066 2211 invenitur,
1090 2158 1163 2214 quae
1180 2143 1254 2200 artis
1268 2159 1352 2217 prae·

123 2261 208 2329 cepta
231 2261 261 2313 et
282 2260 420 2326 percepta
442 2254 599 2313 continent.
643 2251 699 2311 Sed
722 2253 946 2323 animadvertas,
969 2270 1085 2325 quaeso,
1109 2260 1219 2326 quauta
1240 2255 1280 2313 sit
1300 2272 1353 2314 va·

123 2369 214 2425 rictas
237 2366 384 2424 modorum
411 2371 441 2422 et
462 2370 623 2437 temporum
645 2365 675 2422 in
698 2364 870 2435 enuntiatis,
900 2382 973 2438 quae
996 2381 1014 2422 a
1036 2365 1120 2423 simul
1142 2382 1282 2438 suspensa
1304 2382 1353 2424 ex·

123 2483 188 2536 tant
210 2478 323 2536 omnino
348 2476 490 2535 undecim.

208 2588 386 2647 indicativus
419 2587 541 2658 perfecti
571 2587 658 2658 logici
689 2586 916 2644 coniunctionem
942 2588 1084 2659 sequitur:
1118 2589 1353 2658 caesinaque

123 2706 187 2755 sunt
209 2702 243 2754 ab
262 2719 294 2754 eo
316 2701 344 2770 (i.
367 2718 389 2754 e.
413 2701 481 2769 igni)
506 2704 592 2768 taeta,
619 2699 759 2752 dissiliunt
784 2701 832 2768 (sc.
856 2702 939 2767 saxa).
980 2697 1068 2756 Item:
1098 2685 1147 2768 117,
1171 2701 1199 2758 1.
1231 2699 1301 2770 163,
1324 2702 1350 2759 l.

124 2813 194 2882 193,
213 2813 261 2871 16.
295 2807 434 2868 Similiter
451 2811 521 2879 189,
540 2810 591 2867 19:
611 2854 616 2864 .
637 2855 641 2864 .
662 2854 667 2864 .
688 2811 768 2864 simul
787 2814 879 2864 autem
891 2812 954 2880 plus
967 2811 1070 2863 umoris
1082 2810 1166 2863 habet
1183 2815 1352 2880 congestum,

120 2942 176 2978 non
197 2927 289 2994 potest
312 2923 447 2976 sustinere
469 2927 583 2992 propter
604 2923 770 2991 gravitatem
788 2939 810 2977 e.
830 2940 855 2990 q.
875 2940 896 2977 s.
915 2953 960 2992 -,
982 2922 1067 2975 babet
1085 2926 1254 2992 congestum‘
1277 2921 1354 2980 enim

120 3034 242 3108 perfecti
264 3034 351 3104 logici
373 3049 491 3090 munere
512 3032 655 3104 fungitur.

207 3144 338 3202 Perfecto
365 3160 503 3215 praesens
516 3173 517 3176 ¹
531 3145 693 3216 appositum
716 3152 761 3201 est
788 3147 834 3214 58,
851 3147 879 3200 2:
908 3147 991 3198 simul
1014 3149 1106 3199 autem
1127 3149 1265 3200 vetustate
1288 3148 1356 3198 sunt

119 3250 211 3302 aridae
229 3250 318 3302 factae
336 3250 384 3317 (sc.
403 3248 494 3300 ulmus
513 3253 540 3301 et
557 3247 702 3317 fraximus)
721 3253 769 3301 aut
786 3248 815 3302 iu
834 3265 899 3316 agro
911 3249 1034 3316 proiecto
1048 3248 1095 3316 qui
1108 3249 1180 3303 inest
1192 3248 1231 3302 eis
1243 3249 1353 3316 liquore

119 3349 223 3397 stantes
242 3343 422 3410 emoriuntur,
439 3342 510 3395 fiunt
528 3340 652 3395 duriores
671 3360 693 3396 e.
713 3360 738 3410 q.
758 3361 778 3396 s.

204 3444 347 3502 Praesens
370 3445 458 3503 solum
482 3444 619 3504 occurrit:
650 3446 708 3515 137,
725 3447 756 3498 21
784 3446 865 3499 simul
884 3445 919 3499 ad
937 3445 1128 3498 fortitudinem
1147 3445 1350 3514 ingrediuntur,

118 3550 157 3603 ibi
176 3549 368 3617 succumbunt,
387 3549 461 3616 quod
479 3567 501 3602 e.
521 3567 546 3616 q.
566 3567 585 3602 s.

203 3649 314 3722 Ubique
337 3650 527 3722 significatur,
550 3650 634 3707 simul
655 3651 708 3707 hoo
730 3649 838 3708 factum
852 3651 891 3707 sit
907 3649 955 3708 vel
974 3650 1035 3720 fiat,
1058 3666 1172 3723 semper
1190 3648 1261 3706 illud
1275 3648 1347 3709 fieri.

117 3760 293 3833 Draegerus,
316 3761 364 3833 qui
390 3760 527 3818 eiusmodi
550 3761 682 3832 exempla
704 3761 827 3833 quinque
850 3766 964 3818 tantum
986 3762 1076 3818 habet
1097 3755 1256 3835 collecta,¹)
1278 3776 1346 3817 con-

116 3872 210 3930 tendit
242 3873 272 3929 in
305 3872 443 3930 eiusmodi
473 3872 631 3930 enuntiatis
663 3889 804 3945 nusquam
831 3873 958 3931 inveniri
985 3871 1196 3929 coniunctivum
1222 3870 1347 3932 modum.

117 3982 216 4056 Neque
238 3999 309 4043 vero
330 3984 452 4053 indices,
481 4000 551 4055 quos
573 3983 620 4041 vir
641 3983 689 4040 ille
712 3983 812 4041 doctus
834 3984 1003 4056 composuit,
1033 3981 1070 4039 ad
1092 3979 1255 4039 Vitruvium
1277 3999 1344 4055 per·

116 4095 220 4155 tinent.
257 4093 329 4153 Vide
352 4096 439 4153 haec:

206 4338 228 4405 ¹)
246 4337 318 4389 Hist.
338 4336 413 4405 Syut.
444 4336 548 4389 vol.II.
567 4337 628 4389 601:

111 4429 598 4499 Jnd.perf.10g.buor.vl.1022.
635 4430 690 4483 Cic.
709 4448 766 4499 rep.
790 4429 826 4484 II.
849 4431 890 4484 26.
930 4429 1041 4484 Tuscul.
1064 4428 1113 4482 IV.
1135 4431 1164 4496 6,
1182 4429 1222 4482 12.
1259 4426 1344 4481 Acad.

161 4521 201 4572 ΙΙ,
220 4525 263 4589 27,
278 4526 319 4575 86.
359 4526 421 4579 Iud.
439 4544 532 4595 praes.
554 4526 610 4580 cic.
630 4525 656 4580 d.
675 4544 702 4579 n.
722 4524 748 4579 d.
766 4524 804 4579 II.
823 4526 942 4595 411111.
