2850 4808
606 213 813 271 ..29-

177 404 321 462 ductores
333 401 451 460 Latinos
471 403 682 474 perlustrantes
697 405 906 461 coniunctivum
928 402 1038 460 modum
1062 401 1218 460 indicativo
1233 401 1322 472 vulgo

87 517 275 574 usitatiorem
297 532 331 572 ac
353 514 578 587 frequentiorem
600 530 667 575 esse
689 515 828 590 videmus,
854 531 917 572 cum
940 515 977 571 ad
999 513 1188 586 praeteritum
1210 517 1323 584 tempus

93 628 236 685 enuntiati
257 624 389 699 primarii
410 625 556 698 pertineat
583 627 705 683 alterum
731 626 920 698 praeteritum
947 642 966 682 a
993 642 1056 682 cum
1083 639 1263 696 suspensum,
1292 624 1322 680 ir

74 735 167 829 kidem
194 739 300 796 cadens
322 743 435 808 tempus
457 737 505 795 vel
526 737 615 810 prius,
639 737 668 794 id
697 737 772 808 quod
793 737 927 794 facillime
957 753 994 793 en
1021 735 1162 794 indicibus
1188 735 1322 807 cognosci

74 846 198 920 l'potest
222 866 291 922 quos
314 847 500 905 Hoffmannus
522 849 541 908 l.
557 848 576 907 l.
599 866 666 920 pag.
686 848 703 904 5
727 848 851 921 undique
874 847 1007 905 cohectos
1029 847 1198 920 composuit.
1242 844 1322 903 Idem

96 962 137 1019 uir
159 962 258 1018 doctus
280 961 311 1017 in
332 960 406 1017 libro
429 976 479 1016 suo
502 960 636 1037 ostendit,
660 960 727 1032 quid
742 960 859 1017 intersit
873 959 903 1016 in
919 958 1057 1015 eiusmodi
1073 957 1230 1015 enuntiatis
1245 957 1321 1014 inter

91 1047 240 1144 utriusque
263 1071 338 1129 modi
360 1071 612 1142 significationem:
637 1068 825 1130 Coniunctivo
847 1070 929 1127 modo
949 1069 1093 1127 indicatur
1107 1069 1211 1127 relatio
1234 1085 1320 1141 quae-

90 1183 158 1241 dam
179 1183 362 1255 temporalia,
389 1198 463 1255 quae
491 1183 613 1239 actionis
636 1183 824 1240 secundariae
846 1187 959 1254 tempus
981 1180 1019 1238 ad
1039 1180 1196 1252 primariae
1217 1179 1322 1237 referri

91 1299 123 1353 et
148 1295 240 1367 ipsam
269 1295 411 1352 actionem
438 1294 637 1352 secundariam
669 1294 826 1366 primariae
860 1293 995 1365 subiungi
1026 1292 1114 1350 iubet.
1160 1290 1321 1351 ludicativo

91 1410 187 1464 autern
209 1405 400 1477 significatur,
424 1406 572 1478 utriusque
595 1405 733 1478 temporis
755 1408 785 1461 et
806 1405 955 1476 utriusque
978 1404 1099 1462 actionis
1120 1404 1322 1475 integritatem

93 1522 123 1574 et
142 1517 312 1575 libertatem
333 1516 428 1587 magis
451 1517 564 1574 servari
586 1517 629 1573 ita
650 1521 682 1573 ut
709 1516 858 1573 enuntiato
887 1516 1057 1574 secundario
1085 1515 1256 1587 simpliciter
1277 1515 1320 1571 in-

93 1627 204 1686 dicetur
235 1633 347 1700 tempus
379 1627 500 1684 actionis
531 1627 688 1699 primariae
699 1622 731 1701 ¹).
780 1624 880 1699 Neque
911 1627 1003 1697 igitur
1033 1627 1215 1695 mirabimur,
1246 1624 1321 1698 quod

91 1738 231 1807 historici,
257 1739 359 1811 quibus
381 1738 497 1809 singula
518 1738 597 1796 facta
619 1744 684 1796 arte
707 1738 866 1810 copulanda
889 1742 918 1794 et
941 1737 1138 1794 connectenda
1159 1743 1227 1794 sunt
1248 1741 1320 1793 tem·

93 1866 195 1922 porum
218 1820 342 1916 ratione,
366 1849 593 1907 coniunctionem
616 1867 679 1907 curn
695 1849 784 1907 multo
806 1849 973 1922 saepissime
995 1865 1059 1906 cum
1074 1848 1253 1906 coniunctivo
1268 1847 1320 1904 im-

90 1960 212 2034 perfecti
235 1961 282 2018 vel
304 1960 577 2033 plusquamperfecti
599 1962 817 2020 coniunxerunt.

177 2087 277 2160 Neque
301 2089 387 2145 aliter
408 2105 456 2145 res
478 2105 509 2145 se
532 2089 622 2145 habet
643 2089 672 2145 in
695 2086 822 2146 Vitruvii
843 2089 1067 2147 narrationibus.
1112 2086 1222 2146 Novem
1245 2087 1320 2144 enim

84 2206 157 2259 'sunt
179 2199 331 2257 indicativi
353 2200 498 2272 exempla;
523 2199 678 2271 sexaginta
699 2198 760 2256 fere
782 2199 852 2257 locis
876 2201 1001 2257 occurrit
1022 2199 1228 2258 coniunctivus.

177 2325 304 2384 Primum
327 2328 361 2385 de
384 2328 506 2400 perfecti
527 2327 656 2384 historici
678 2327 835 2386 indicativo
855 2345 950 2385 acum
966 2344 1103 2400 suspenso
1119 2345 1209 2399 agere
1223 2328 1319 2387 liceat.

93 2436 232 2513 Exempla
258 2456 343 2511 quam
368 2439 538 2497 brevissime
566 2439 685 2508 adnoto,
714 2455 788 2511 quae
816 2445 883 2496 sunt
911 2439 960 2509 50,
979 2442 1027 2499 12.
1053 2439 1102 2510 te,
1120 2441 1170 2499 26.
1219 2438 1319 2510 Neque

92 2556 135 2609 est
158 2567 209 2608 cur
230 2551 375 2619 miremur,
403 2551 478 2623 quod
500 2550 687 2608 indicativum
709 2551 833 2623 positum
856 2551 999 2610 videmus:
1030 2554 1128 2620 157‚2:
1147 2553 1240 2621 itaque
1258 2571 1321 2606 cum

92 2665 124 2717 ab
148 2663 265 2732 singulis
290 2663 441 2716 sententiae
460 2667 524 2716 sunt
541 2668 665 2732 rogatae,
693 2681 741 2717 sex
759 2681 814 2716 una
832 2663 962 2717 dixerunt
984 2682 1005 2718 e.
1029 2682 1054 2732 q.
1078 2683 1112 2732 s.,
1134 2662 1230 2734 paullo
1257 2668 1322 2735 post

92 2774 314 2831 coniunctivum:
339 2773 378 2831 ib.
396 2771 428 2830 5:
452 2775 650 2842 Aristophanes
669 2792 734 2827 vero
754 2792 816 2827 cum
835 2776 870 2828 ab
889 2793 921 2828 eo
939 2776 1075 2828 sententia
1087 2780 1238 2843 rogaretur,
1257 2794 1320 2828 eum

91 2887 209 2954 primurn
228 2885 380 2939 renuntiari
400 2886 480 2938 iussit
498 2886 545 2954 qui
558 2886 671 2938 minime
683 2886 786 2955 populo
798 2886 954 2954 placuisset.
983 2883 1037 2942 Illo
1053 2885 1129 2942 enim
1144 2886 1174 2942 in
1190 2887 1319 2957 exemplo

91 2996 145 3055 duo
167 2996 246 3053 facta
268 3001 419 3054 narretur:
450 2998 492 3066 ‚ab
516 2998 631 3067 singulis
654 2998 804 3050 sententias
827 3016 886 3051 esse
908 3001 1026 3067 rogatas‘
1053 3000 1083 3053 et
1105 3002 1173 3066 ,tum
1196 3015 1243 3050 sex
1265 3017 1320 3051 una

89 3108 208 3162 dixisse‘.
256 3106 356 3163 Altero
384 3107 445 3163 loco
473 3108 549 3164 actio
577 3107 699 3178 rogandi
725 3140 762 3148 -
787 3113 820 3164 ut
842 3107 959 3165 minoris
987 3107 1123 3165 momenti
1150 3140 1186 3147 —
1213 3108 1320 3165 actioni

87 3219 242 3292 principali
265 3218 357 3276 artius
381 3218 574 3289 subiungitur.
584 3214 609 3293 2)

175 3345 237 3404 Duo
270 3351 336 3403 sunt
365 3348 510 3420 exempla,
542 3348 572 3406 in
600 3348 702 3419 quibus
728 3349 855 3422 perfecto
882 3347 1036 3420 respondet
1060 3346 1261 3419 imperfectum
1289 3347 1319 3405 iu

92 3456 210 3531 apodosi
233 3458 365 3528 positum.

176 3582 312 3642 Omnibus
325 3586 386 3642 eius
398 3587 515 3657 generis
527 3587 675 3659 exemplis,
692 3603 765 3658 quae
780 3586 903 3659 plurima
917 3587 1026 3644 babent
1040 3587 1162 3644 coNecta
1173 3584 1319 3644 Hoffman-

88 3713 142 3753 uus
158 3697 176 3755 l.
189 3697 208 3755 l.
224 3713 291 3768 pag.
307 3697 347 3752 sl
363 3713 400 3754 ss.
417 3702 447 3753 et
458 3695 626 3768 Draegerus
641 3697 661 3754 l.
673 3697 693 3754 l.
710 3714 778 3769 pag.
796 3699 856 3754 558
869 3714 906 3756 ss.
920 3698 1109 3769 significatur,
1127 3714 1187 3754 rem
1199 3699 1229 3754 in
1241 3703 1319 3757 statu

89 3807 185 3879 aliquo
197 3806 284 3863 luisse
297 3811 348 3863 aut
358 3807 422 3864 fieri
434 3807 548 3864 solitam
560 3823 633 3877 esse,
650 3824 713 3864 cum
726 3809 800 3865 actio
812 3808 954 3880 quaedam
965 3813 1165 3865 momentanea
1177 3810 1318 3868 evenerit.
1336 3827 1339 3834 ’

88 3917 160 3975 Rem
182 3917 328 3974 illustrare
349 3918 437 3975 liceat
450 3918 495 3975 his
512 3935 528 3974 e
544 3914 681 3974 Cicerone
697 3919 818 3990 sumptis
833 3920 983 3992 exemplis:
1007 3920 1084 3975 Brut.
1102 3923 1144 3988 43,
1163 3923 1222 3974 161;
1250 3922 1318 3976 haec

88 4021 180 4075 Crassi
198 4039 260 4073 curn
279 4022 353 4075 edita
371 4023 458 4076 oratio
477 4026 525 4090 est,
542 4026 676 4089 quattuor
694 4027 721 4076 et
740 4023 854 4093 triginta
872 4029 932 4077 turn
950 4024 1070 4078 habebat
1088 4042 1181 4078 annos.

177 4262 199 4328 ¹)
218 4261 316 4329 Itaque
329 4261 510 4316 Hoffmannus
528 4264 546 4317 l.
564 4263 582 4316 l.
593 4281 655 4333 pag.
667 4264 716 4316 115
726 4264 868 4318 indicativi
879 4267 908 4318 et
916 4263 1085 4318 coniunctivi
1099 4281 1180 4316 usum
1190 4263 1319 4318 distinxit

86 4348 139 4401 hac
157 4365 222 4400 usus
241 4348 394 4401 notatione:
414 4349 595 4402 coordinierte
614 4349 671 4403 und
690 4350 891 4404 subordinierte
910 4350 1052 4404 Satzform.

176 4452 201 4518 ²)
221 4450 299 4515 Quod
317 4451 391 4503 haud
410 4451 466 4503 scio
485 4469 520 4503 an
533 4451 696 4506 Gemanice
717 4453 850 4523 perhanc
863 4453 999 4506 enuntiati
1011 4453 1128 4506 sormam
1141 4453 1200 4507 fieri
1218 4453 1316 4523 possit:

90 4539 122 4590 A.
143 4537 209 4589 aber
227 4537 280 4604 gub
300 4538 349 4590 aul
365 4536 409 4590 die
422 4535 510 4605 Frage
527 4538 599 4592 nach
617 4539 707 4593 seiner
723 4539 857 4608 Meinung
874 4539 933 4592 sein
946 4539 1101 4594 Gutachten
1120 4539 1205 4593 dahin
1222 4541 1257 4593 ab
1271 4582 1276 4593 .
1291 4583 1316 4592 ..
