2850 4808
580 221 789 277 ‚15-

66 418 189 487 propter
208 411 376 471 litterarum
400 408 617 469 similitudinem
642 412 674 465 et
698 408 772 480 qnod
797 406 947 468 Vitruvius
975 426 1115 483 persaepe
1144 415 1301 471 membrum

68 523 188 596 aliquod
208 522 266 581 toti
288 522 435 581 enuntiato
457 520 610 593 auteponit
630 520 713 580 velut
736 522 874 591 111112.
900 522 1038 591 11114.
1063 523 1133 593 137,
1152 524 1201 585 15.

160 628 267 696 11111
284 626 350 681 item
368 642 431 679 cum
448 626 540 695 primo
551 643 625 695 aqua
636 643 653 679 a
664 625 755 694 capite
766 625 926 694 inmittitur,
944 631 1008 680 ante
1024 626 1120 681 favilla
1138 629 1301 684 inmittetur.

73 729 155 805 Quae
183 734 228 787 est
256 728 428 787 constructio
453 727 652 801 negligentior
678 743 731 799 pro
759 727 955 799 elegantiore,
983 745 1057 800 quae
1083 729 1208 788 efficitur
1234 748 1301 791 con·

71 841 217 899 iunctione
238 844 405 913 antequam:
429 840 502 895 Item
519 844 668 909 antequam
685 839 776 909 primo
794 857 866 908 aqua
884 857 900 893 a
917 840 1007 909 capite
1026 841 1190 912 inmittetur,
1208 843 1304 899 favilla

68 945 228 999 inmittetur
244 945 277 1015 (o.
290 944 462 1013 inmittitur).

154 1044 293 1105 Breviter
318 1045 437 1117 adnoto,
465 1044 522 1103 hnc
547 1060 604 1102 non
630 1044 778 1118 pertinere
805 1044 950 1117 exempla,
978 1045 1009 1101 in
1035 1046 1137 1118 quibus
1163 1064 1303 1120 praesens

71 1155 162 1214 habet
181 1155 309 1215 futurum
330 1172 455 1229 sequens
476 1156 519 1212 ita
540 1160 573 1213 ut
595 1155 783 1227 significetur,
806 1154 876 1212 illud
899 1156 956 1214 iam
973 1172 1046 1227 esse,
1069 1158 1123 1216 hoc
1138 1175 1207 1217 vero
1223 1158 1301 1217 futu·

71 1283 136 1324 rum
158 1283 221 1325 esee
242 1268 366 1340 sperari.
409 1264 498 1324 Velut
521 1264 591 1336 135,
609 1265 662 1324 25:
676 1319 679 1323 ,
692 1268 778 1336 igitur
800 1286 863 1321 cum
881 1268 910 1320 id
932 1269 1064 1323 habemus
1087 1276 1192 1324 certum
1212 1273 1303 1325 animo

70 1371 247 1441 sustinentes,
264 1372 300 1425 ab
317 1371 398 1425 labro
415 1370 490 1439 quod
508 1374 551 1424 est
568 1371 597 1423 in
614 1371 727 1439 regione
746 1372 966 1440 septentrionali,
989 1371 1061 1425 linea
1084 1375 1199 1428 traiecto
1217 1376 1251 1429 ad
1274 1376 1303 1428 id

68 1465 145 1532 quod
164 1508 276 1535 .....
295 1467 355 1519 sine
372 1464 545 1518 dubitatione
564 1465 815 1519 animadvertemus
835 1498 874 1520 —.

157 1564 279 1624 Latinos
299 1582 439 1641 praesens
459 1566 603 1625 enuntiati
625 1566 789 1625 secundarii
810 1566 907 1624 futuro
922 1569 1044 1640 tempori
1059 1570 1189 1640 primarii
1211 1571 1301 1628 raris·

72 1677 145 1734 sime
168 1678 304 1748 sociasse,
327 1694 363 1736 ex
383 1678 521 1751 exemplis
542 1678 728 1751 intelligitur,
750 1695 824 1751 quae
846 1679 1018 1752 paucissima
1040 1680 1202 1738 attulerunt
1222 1677 1301 1738 Hoff-

72 1804 197 1846 mannus
217 1787 373 1861 1.1.p.eo
395 1796 427 1849 et
448 1790 617 1863 Draegerus
639 1790 669 1848 in
692 1800 767 1862 synt.
791 1790 842 1848 lat.
860 1787 1057 1863 lupaces.
1092 1789 1126 1848 In
1147 1792 1183 1849 iis
1205 1798 1303 1850 autem

74 1899 213 1972 exemplis
240 1915 303 1959 esse
328 1917 386 1959 non
413 1907 475 1960 tam
501 1901 746 1975 negligentiorem
774 1901 932 1958 orationem
963 1919 1049 1973 quam
1075 1904 1301 1973 concitatiorem,

70 2008 189 2068 cuilibet
215 2012 398 2087 conspicuum
425 2028 489 2072 esse
511 2018 632 2088 oportet.
679 2010 772 2070 Unum
793 2012 860 2070 inde
882 2028 995 2070 sumere
1017 2014 1105 2072 liceat
1127 2015 1301 2086 exemplum:

69 2116 131 2181 Cic.
153 2122 185 2179 in
209 2120 294 2184 Verr.
322 2126 373 2195 69,
396 2126 470 2183 177:
499 2132 528 2180 at
549 2143 604 2194 quo
626 2131 750 2194 tempore
772 2126 896 2178 futurum
920 2130 962 2178 est
984 2127 1028 2195 [de
1051 2131 1090 2194 te,
1113 2128 1143 2193 Q.
1163 2128 1302 2196 Hortensi,

71 2225 238 2295 iudicium]?
261 2244 359 2299 nempe
380 2246 426 2298 eo,
454 2247 516 2283 eum
538 2230 657 2299 populus
679 2229 819 2282 Romanus
845 2229 921 2282 aliud
943 2247 1029 2297 genus
1051 2231 1194 2283 hominum
1218 2274 1223 2284 .
1244 2274 1249 2284 .
1270 2274 1275 2284 .
1296 2274 1301 2284 .

72 2320 199 2387 requirit.

157 2421 220 2481 Neo
240 2423 404 2497 ireqnemia
426 2430 494 2483 sunt
516 2425 676 2496 enuntiata,
699 2426 729 2483 in
744 2442 864 2498 quorum
879 2424 996 2499 apodosi
1011 2442 1158 2500 praesens,
1182 2427 1212 2483 in
1234 2443 1301 2500 pro-

69 2533 130 2591 tasi
150 2533 279 2595 futurum
299 2541 392 2598 extat.

126 2668 129 2675 ·
157 2642 310 2720 Exempla,
338 2648 370 2705 11
391 2648 493 2721 quibus
519 2665 583 2706 eum
609 2649 698 2707 habet
724 2649 783 2706 vim
811 2649 1029 2721 explicativam,
1056 2649 1155 2705 inveni
1176 2649 1249 2706 haec
1271 2650 1301 2706 11

67 2754 180 2816 rhetor.
202 2756 241 2815 ad
254 2754 325 2817 Her.
343 2756 393 2819 IV,
412 2760 460 2819 19.
478 2761 532 2819 ⁶26:
556 2762 689 2814 articulus
708 2761 818 2829 dicitur,
838 2779 900 2813 oum
919 2762 1028 2830 singula
1045 2761 1130 2813 verba
1148 2762 1301 2816 intervallis

69 2858 277 2929 distinguentur
294 2879 375 2917 caesa
391 2865 524 2932 oratione,
542 2865 594 2917 hoc
612 2864 701 2917 modo.
720 2895 753 2903 —
772 2864 843 2918 Item
861 2866 903 2933 38,
916 2866 956 2917 50.

156 2958 294 3021 Similiter
319 2964 395 3037 apud
421 2963 584 3024 Vitruvium
616 2966 740 3037 positum
772 2972 817 3023 est
847 2966 973 3023 futurum
1006 2966 1036 3022 in
1070 2967 1219 3023 enuntiato
1250 2983 1299 3023 ex-

69 3070 221 3142 plicativo:

156 3178 243 3245 lgm
260 3178 384 3234 Statione
406 3182 499 3251 (decor
516 3182 682 3252 perficitur),
704 3201 766 3236 cum
789 3182 849 3236 Iovi
867 3182 982 3250 Fulguri
1005 3187 1033 3234 et
1052 3181 1134 3233 Caelo
1152 3186 1180 3233 et
1199 3182 1254 3234 Soli
1273 3187 1302 3235 et

68 3270 163 3325 Lunae
180 3273 306 3328 aedificia
324 3277 374 3329 sub
393 3277 441 3330 diu
459 3278 612 3347 hypaetbra
630 3279 839 3331 constituentur.

154 3370 212 3432 Sed
232 3376 348 3448 videas,
376 3395 497 3450 quaeso,
526 3379 761 3451 quemadmodum
788 3378 949 3438 variaverit
975 3375 1124 3433 Vitruvius
1159 3375 1300 3433 dictorum

72 3480 188 3543 formae.
229 3483 371 3547 Conferas
393 3507 466 3564 quae
489 3497 659 3565 sequuntur:

158 3588 242 3658 1e,1e
258 3591 295 3645 ad
313 3595 539 3648 consuetudinem
557 3601 650 3649 autem
668 3596 751 3649 decor
763 3595 802 3648 sic
815 3591 986 3662 exprimitur,
1006 3554 1069 3644 cuni
1083 3634 1088 3645 .
1102 3634 1107 3644 .
1122 3591 1258 3645 vestibula
1272 3634 1277 3645 .
1291 3634 1297 3646 .

68 3687 153 3737 erunt
169 3684 250 3742 11111.

154 3777 192 3833 ib.
204 3781 240 3833 22
255 3782 390 3836 naturalis
409 3788 501 3837 autem
519 3784 602 3838 decor
620 3786 659 3838 sic
677 3785 738 3852 erit,
758 3784 780 3836 si
800 3826 805 3837 .
826 3825 831 3837 .
851 3825 857 3836 .
876 3782 1019 3850 eligentur.

154 3873 225 3943 14‚e
243 3875 310 3931 item
327 3882 443 3931 naturae
460 3878 543 3934 decor
561 3880 622 3947 erit,
641 3879 664 3932 si
683 3921 688 3932 .
708 3920 713 3932 .
734 3920 739 3931 .
758 3877 864 3930 lumina
882 3875 1036 3944 capiuntur.

153 3972 211 4034 Sed
236 3978 394 4037 subsistere
420 3980 509 4038 liceat
534 3979 565 4036 in
593 3978 763 4052 explicanda
789 3979 917 4047 ratione,
946 3994 1020 4049 quae
1049 3977 1088 4035 sit
1112 3978 1190 4035 inter
1211 3992 1296 4049 prae·

67 4087 159 4145 senus
181 4092 213 4146 et
232 4087 324 4149 futuri
345 4107 436 4152 usum.
474 4090 597 4152 Uberius
619 4109 655 4149 ea
676 4107 724 4148 res
747 4090 930 4157 tractabitur,
953 4105 1017 4148 cum
1040 4088 1075 4146 de
1090 4088 1178 4146 futuri
1203 4087 1298 4145 exacti

44 4210 120 4291 Ι111
148 4198 316 4262 disseretur.
361 4199 424 4261 Hoc
449 4204 526 4261 enim
552 4202 588 4261 de
615 4208 744 4277 tempore
775 4202 840 4260 ideo
867 4201 1026 4273 separatim
1058 4198 1203 4271 agendum
1235 4213 1298 4255 esse

66 4325 182 4383 censeo,
204 4314 280 4386 quod
301 4318 333 4372 et
354 4314 389 4373 de
410 4316 482 4390 ipsis
502 4315 642 4387 temporis
656 4314 766 4384 formis,
788 4314 890 4385 quibus
905 4309 1054 4369 Vitruvius
1073 4326 1141 4367 usus
1164 4313 1218 4379 est,
1241 4308 1299 4367 dici

66 4429 185 4499 oportet
205 4432 237 4486 et
258 4427 333 4501 qnod
354 4426 445 4485 futuri
467 4427 564 4484 exacti
586 4442 664 4496 usus,
686 4425 734 4497 qui
756 4425 787 4482 in
803 4422 928 4482 Vitruvii
948 4421 1031 4479 libris
1045 4420 1186 4479 latissime
1206 4425 1297 4493 patet,

66 4552 194 4597 summas
215 4539 302 4599 affert
322 4538 360 4596 ad
381 4544 462 4597 recte
484 4536 669 4596 indicandum
689 4534 891 4595 difficultates.
