2850 4808
623 184 829 239 ...18-

109 381 199 432 ueque
217 363 388 417 interitiones
407 363 528 431 recipere
546 367 575 415 et
592 362 771 416 dissolutione
789 367 896 417 mutata
914 363 943 417 in
961 381 1021 417 eam
1034 363 1154 417 recidere
1168 365 1196 416 in
1209 382 1264 432 qna
1276 370 1342 419 ante

110 458 221 512 fuerant
238 457 443 528 proprietatem.

196 551 502 620 221,19101111110111
522 594 527 605 .
548 594 553 604 .
574 594 579 604 .
599 593 604 604 .
624 551 750 604 consistit
772 556 835 621 post
857 570 942 606 annos
964 552 1004 604 XI
1028 557 1055 606 01
1078 553 1136 607 dies
1156 552 1294 606 CCCXIII
1312 558 1343 607 et

111 654 228 708 reditio
247 654 276 708 id
294 655 403 723 signum
422 654 449 706 in
469 673 523 723 quo
541 658 605 707 anto
623 654 679 707 XII
698 655 776 707 annis
795 655 938 708 110111-
956 651 1030 711 Item
1045 654 1142 712 fuerat
1157 653 1280 727 positum
1297 661 1344 712 est

112 769 170 834 222,
186 768 207 820 l.
221 769 279 834 227,
294 767 333 820 13.
364 762 427 838 Qua
443 780 505 821 eum
520 763 612 823 forma
629 764 761 821 conferas
776 765 1085 838 plusquamperfectum
1099 768 1201 820 fecerat
1215 768 1284 835 (221,
1299 769 1345 836 17)

112 883 143 934 01
164 877 322 950 perfectum
345 878 435 946 coepit
453 877 499 946 (ib.
520 878 563 944 15)
590 908 624 916 —
653 892 727 947 quae
754 881 821 934 sunt
849 877 982 949 exempla
1008 878 1147 934 sermonis
1175 875 1345 935 Vitruviani

111 988 189 1045 inter
211 988 374 1059 elegantem
395 992 427 1045 et
449 987 598 1058 vulgarem
621 986 774 1045 dictionem
796 985 970 1047 fluctuantis.

196 1098 281 1157 hlter
308 1105 352 1157 011
379 1116 447 1156 1111
473 1098 747 1173 plusquamperfecti
774 1118 826 1173 pro
849 1100 969 1174 simplici
991 1099 1152 1172 praeterito
1174 1099 1269 1172 positi,
1294 1099 1346 1157 ubi

112 1211 143 1268 in
164 1210 318 1268 narrandis
341 1213 427 1268 rebus
450 1209 578 1283 perfecto
599 1211 735 1269 historico
751 1216 863 1285 tempus
879 1211 1190 1284 plusquamperfectum
1206 1210 1344 1280 sociatur,

78 1316 87 1329 “
113 1338 167 1393 quo
190 1327 283 1379 status
306 1322 426 1379 alicuius
447 1321 491 1378 rei
513 1321 544 1378 in
565 1321 640 1379 idem
663 1324 801 1395 temporis
824 1323 949 1394 spatium
971 1321 1077 1380 cadens
1099 1322 1291 1392 significetur:

199 1427 240 1493 31,
255 1427 287 1476 14
305 1426 397 1494 itaque
410 1425 572 1478 Dinocrates
591 1426 625 1479 ab
638 1426 681 1478 his
701 1445 728 1478 se
741 1427 900 1479 existimans
913 1427 971 1478 ludi
985 1428 1018 1479 ah
1032 1445 1060 1480 se
1073 1425 1154 1495 petiit
1165 1425 1345 1495 praesidium.

95 1556 97 1563 ·
113 1522 204 1575 fuerat
221 1521 294 1574 enim
307 1520 477 1589 amplissima
490 1524 604 1589 statura,
622 1520 692 1574 facie
705 1525 791 1589 grata,
809 1521 898 1575 111111
911 1520 1100 1590 dignitateque
1113 1538 1226 1573 summa.
1257 1519 1344 1575 Item:

115 1617 172 1684 174,
185 1615 208 1668 5,
229 1616 285 1682 170,
299 1617 339 1668 22,
358 1616 416 1682 203,
431 1616 470 1668 14.
490 1616 548 1681 216,
560 1615 584 1668 4.
604 1616 716 1681 283,19.

199 1712 337 1774 Similiter
362 1715 672 1788 plusquamperfectum
699 1717 823 1788 positum
851 1721 896 1773 011
923 1716 1005 1774 initio
1032 1716 1245 1785 narrationum,
1271 1732 1345 1788 quas

113 1827 236 1884 inseruit
257 1825 406 1886 Vitruvius
428 1827 716 1899 praescriptionibus:

200 1932 258 1999 251,
271 1933 304 1984 20
322 1931 474 1984 Pixodarus
492 1931 584 1983 fuerat
600 1935 695 1999 pastor
712 1933 752 1999 (es
771 1947 827 1983 war
845 1930 964 1998 einmal).

200 2026 309 2092 280,18
331 2025 484 2094 Diognetus
510 2025 584 2078 enim
610 2025 701 2078 fuerat
723 2024 847 2078 Rhodius
870 2026 1050 2091 architectus,
1078 2029 1106 2077 01
1128 2025 1153 2077 01
1175 2025 1209 2078 de
1231 2025 1339 2094 publico

115 2120 261 2189 quotannis
281 2124 355 2173 certa
372 2138 477 2173 merces
497 2138 546 2189 pro
565 2120 632 2173 artis
650 2121 785 2187 dignitate
804 2120 978 2174 tribuebatur
995 2119 1031 2173 od
1048 2119 1187 2172 honorem.

200 2219 309 2278 Deinde
328 2221 639 2294 plusquamperfectum
662 2221 733 2279 illud
757 2222 891 2291 occurrit,
914 2222 962 2279 nbi
985 2221 1134 2278 machinae
1155 2221 1276 2278 alienius
1299 2221 1347 2281 vel

113 2333 298 2391 instrumenti
320 2349 473 2389 mensurae
495 2333 608 2390 aliaeve
631 2333 827 2404 proprietates
850 2338 1042 2404 exponuntur:

201 2439 259 2504 277,
274 2439 305 2489 18
324 2437 384 2490 Non
403 2437 472 2488 mihi
491 2437 574 2489 etiem
587 2436 696 2490 videtur
714 2454 773 2489 csso
792 2437 912 2489 alienum
931 2437 964 2490 de
977 2437 1117 2491 testudine
1130 2456 1212 2504 qnam
1225 2437 1351 2505 Hegetor

114 2532 264 2600 Byzantius
281 2531 348 2584 secit
366 2531 466 2598 quihus
485 2531 638 2584 rationibus
657 2531 693 2584 sit
711 2530 785 2584 facta
802 2549 945 2599 exponere.
973 2532 1064 2585 fuerat
1082 2532 1154 2584 enim
1174 2531 1233 2584 eina
1250 2531 1350 2585 baseos

113 2626 257 2695 longitudo
274 2626 375 2694 pedum
394 2625 443 2678 LX
456 2668 541 2679 .....
563 2625 754 2678 inmineret
772 2629 864 2678 111011
883 2644 977 2679 earum
994 2626 1111 2679 altitudo
1129 2627 1230 2695 pedum
1242 2625 1283 2678 VI
1301 2626 1347 2678 S:—

114 2720 186 2773 Item
205 2722 264 2787 278,
276 2721 300 2772 4.
320 2721 378 2788 281,
391 2723 415 2788 0,
427 2722 451 2773 8.

202 2819 290 2879 Verbi
312 2820 436 2878 habendi
460 2837 542 2878 usum
567 2855 602 2863 —
629 2822 703 2895 quod
726 2823 845 2880 verbum
868 2821 973 2880 ibidem
1000 2823 1188 2879 00011111-
1211 2819 1345 2880 hocloco

114 2933 244 2992 breviter
265 2949 463 3002 commemoro,
487 2933 561 3004 quod
583 2951 671 3007 saepe
693 2934 722 2990 id
745 2951 763 2991 a
785 2951 848 2991 cum
871 2950 1038 3006 suspensum
1059 2933 1141 2991 nobis
1163 2931 1346 2991 tractandum

115 3045 180 3107 erit.
214 3040 302 3102 Cuius
324 3044 406 3102 verbi
428 3044 741 3117 plusquamperfectum
763 3050 929 3104 constanter
951 3046 1075 3118 positum
1090 3049 1144 3114 011,
1168 3046 1229 3102 sive
1248 3045 1348 3117 agitur

116 3156 151 3215 de
173 3157 330 3215 mensuris:

201 3262 314 3330 274,10
336 3261 471 3315 habuerat
492 3263 584 3315 autern
611 3262 658 3330 (sc.
682 3261 802 3329 testudo)
824 3261 1001 3314 intervallum
1024 3260 1181 3313 cubitorum
1204 3260 1281 3313 XXX
1305 3290 1344 3315 -.

115 3356 187 3409 Item
207 3357 265 3424 278,
278 3357 319 3408 24.

116 3458 177 3515 sive
200 3456 235 3513 de
258 3457 455 3514 machinarum
477 3457 614 3514 membris
636 3457 832 3530 partibusque,
856 3472 929 3528 quae
952 3455 1114 3514 accuratius
1137 3455 1347 3516 describantur.

116 3565 256 3626 Conteras
278 3567 420 3639 exempla,
443 3584 518 3640 quae
542 3572 609 3625 sunt
632 3569 702 3638 277,
721 3569 771 3626 24.
796 3568 867 3638 278,
885 3569 913 3637 3,
933 3568 981 3627 10.
1007 3568 1077 3637 270,
1095 3570 1123 3637 2,
1142 3570 1190 3628 12.

202 3679 293 3751 Quam
321 3677 380 3734 late
407 3678 456 3736 ille
478 3679 752 3751 plusquamperfecti
773 3694 841 3735 1111
863 3679 893 3735 111
915 3676 1039 3738 Vitruvii
1063 3679 1146 3736 libris
1168 3680 1285 3750 pateat,
1310 3693 1346 3733 cx

117 3808 150 3849 eo
178 3805 288 3862 quoque
316 3790 450 3860 cognosci
477 3794 588 3863 potest,
617 3789 691 3861 quod
718 3790 916 3861 imperfectum
943 3792 1025 3848 verbi
1048 3787 1173 3846 habendi
1195 3803 1345 3859 nusqumn,

116 3901 198 3958 verbi
222 3900 396 3957 substantivi
418 3917 475 3957 non
497 3901 645 3958 invenitur
666 3901 722 3957 nisi
744 3901 901 3959 rarissime.

202 4009 310 4067 Laxam
331 4009 411 4067 illam
433 4011 704 4085 plusquamperfecti
727 4013 864 4082 temporis
886 4010 1139 4084 significationem,
1169 4028 1242 4084 quae
1271 4012 1346 4085 apud

117 4122 238 4179 comicos
259 4121 337 4179 haud
358 4121 401 4178 ita
423 4138 504 4190 raro,
528 4121 604 4193 apud
626 4122 781 4195 scriptores
804 4122 938 4179 classicos
961 4120 1008 4192 qui
1039 4127 1180 4180 vocantur
1207 4139 1344 4180 nonnum-

118 4249 201 4305 quam
223 4227 493 4309 deprehenditurh,
524 4232 663 4290 1011101111
687 4232 818 4304 vulgaris
840 4231 986 4305 propriam
1014 4232 1101 4289 fuisse
1125 4235 1195 4291 satis
1223 4240 1344 4294 constat.

118 4360 322 4367 ———-—-

209 4425 231 4492 ¹)
250 4423 291 4475 De
309 4441 341 4476 ea
358 4439 389 4476 re
407 4440 469 4475 oum
488 4423 569 4475 multi
588 4423 716 4492 strictim,
734 4428 794 4477 tum
812 4423 968 4477 accuratius
987 4427 1112 4492 egerunt:

119 4510 220 4564 Haase:
240 4511 269 4562 in
288 4509 464 4564 adnotatione
482 4510 533 4562 4011
551 4509 586 4562 ad
604 4509 705 4579 Itoisig.
