<?xml version="1.0" encoding="UTF-8"?>
<!DOCTYPE html PUBLIC "-//W3C//DTD XHTML 1.0 Transitional//EN"
    "http://www.w3.org/TR/xhtml1/DTD/xhtml1-transitional.dtd">
<html xmlns="http://www.w3.org/1999/xhtml" xml:lang="en" lang="en">
 <head>
  <title>
</title>
<meta http-equiv="Content-Type" content="text/html;charset=utf-8" />
  <meta name='ocr-system' content='tesseract 3.04.00' />
  <meta name='ocr-capabilities' content='ocr_page ocr_carea ocr_par ocr_line ocrx_word'/>
</head>
<body>
  <div class='ocr_page' id='page_1' title='image "./devitruviisermo00stocgoog_0040.png"; bbox 0 0 2850 4808; ppageno 0'>
   <div class='ocr_carea' id='block_1_1' title="bbox 605 227 813 284">
    <p class='ocr_par' dir='ltr' id='par_1_1' title="bbox 605 227 813 284">
     <span class='ocr_line' id='line_1_1' title="bbox 605 227 813 284; baseline 0.01 -17"><span class='ocrx_word' id='word_1_1' title='bbox 605 227 813 284; x_wconf 74' lang='lat'><strong>..35-</strong></span> 
     </span>
    </p>
   </div>
   <div class='ocr_carea' id='block_1_2' title="bbox 93 409 1328 1034">
    <p class='ocr_par' dir='ltr' id='par_1_2' title="bbox 93 409 1328 765">
     <span class='ocr_line' id='line_1_2' title="bbox 182 409 1328 481; baseline 0.001 -16"><span class='ocrx_word' id='word_1_2' title='bbox 182 416 268 481; x_wconf 81' lang='lat'>181‚2</span> <span class='ocrx_word' id='word_1_3' title='bbox 290 412 389 465; x_wconf 87' lang='lat' dir='ltr'><strong>deinde</strong></span> <span class='ocrx_word' id='word_1_4' title='bbox 412 412 484 481; x_wconf 90' lang='lat' dir='ltr'><strong>pilae</strong></span> <span class='ocrx_word' id='word_1_5' title='bbox 507 411 635 464; x_wconf 88' lang='lat' dir='ltr'><strong>manibus</strong></span> <span class='ocrx_word' id='word_1_6' title='bbox 657 409 792 463; x_wconf 89' lang='lat' dir='ltr'><strong>versando</strong></span> <span class='ocrx_word' id='word_1_7' title='bbox 815 409 974 463; x_wconf 88' lang='lat' dir='ltr'><strong>efficiuntur</strong></span> <span class='ocrx_word' id='word_1_8' title='bbox 996 415 1024 464; x_wconf 91' lang='lat' dir='ltr'><strong>et</strong></span> <span class='ocrx_word' id='word_1_9' title='bbox 1045 412 1083 464; x_wconf 92' lang='lat' dir='ltr'><strong>ita</strong></span> <span class='ocrx_word' id='word_1_10' title='bbox 1102 412 1276 481; x_wconf 76' lang='lat' dir='ltr'><strong>conliguntur</strong></span> <span class='ocrx_word' id='word_1_11' title='bbox 1296 417 1328 466; x_wconf 91' lang='lat' dir='ltr'><strong>nt</strong></span> 
     </span>
     <span class='ocr_line' id='line_1_3' title="bbox 93 505 1328 576; baseline -0.001 -14"><span class='ocrx_word' id='word_1_12' title='bbox 93 509 258 562; x_wconf 89' lang='lat' dir='ltr'><strong>inarescant.</strong></span> <span class='ocrx_word' id='word_1_13' title='bbox 295 507 387 560; x_wconf 90' lang='lat' dir='ltr'><strong>aridae</strong></span> <span class='ocrx_word' id='word_1_14' title='bbox 407 511 609 576; x_wconf 89' lang='lat' dir='ltr'><strong>componuntur</strong></span> <span class='ocrx_word' id='word_1_15' title='bbox 627 505 655 558; x_wconf 89' lang='lat' dir='ltr'><strong>in</strong></span> <span class='ocrx_word' id='word_1_16' title='bbox 674 523 756 558; x_wconf 90' lang='lat' dir='ltr'><strong>urceo</strong></span> <span class='ocrx_word' id='word_1_17' title='bbox 774 505 862 572; x_wconf 86' lang='lat' dir='ltr'><strong>fictili,</strong></span> <span class='ocrx_word' id='word_1_18' title='bbox 888 506 963 558; x_wconf 92' lang='lat' dir='ltr'><strong>urcei</strong></span> <span class='ocrx_word' id='word_1_19' title='bbox 982 506 1011 560; x_wconf 91' lang='lat' dir='ltr'><strong>in</strong></span> <span class='ocrx_word' id='word_1_20' title='bbox 1029 506 1146 560; x_wconf 86' lang='lat' dir='ltr'><strong>fornace.</strong></span> <span class='ocrx_word' id='word_1_21' title='bbox 1184 507 1265 561; x_wconf 90' lang='lat' dir='ltr'><strong>simul</strong></span> <span class='ocrx_word' id='word_1_22' title='bbox 1285 526 1328 561; x_wconf 90' lang='lat' dir='ltr'><strong>an-</strong></span> 
     </span>
     <span class='ocr_line' id='line_1_4' title="bbox 94 599 1328 669; baseline 0.001 -13"><span class='ocrx_word' id='word_1_23' title='bbox 94 608 152 656; x_wconf 92' lang='lat' dir='ltr'><strong>tem</strong></span> <span class='ocrx_word' id='word_1_24' title='bbox 172 621 216 665; x_wconf 83' lang='lat' dir='ltr'><strong>aes</strong></span> <span class='ocrx_word' id='word_1_25' title='bbox 235 608 263 655; x_wconf 93' lang='lat' dir='ltr'><strong>et</strong></span> <span class='ocrx_word' id='word_1_26' title='bbox 281 620 312 654; x_wconf 89' lang='lat' dir='ltr'><strong>ea</strong></span> <span class='ocrx_word' id='word_1_27' title='bbox 330 603 432 654; x_wconf 82' lang='lat' dir='ltr'>harena</span> <span class='ocrx_word' id='word_1_28' title='bbox 451 602 485 653; x_wconf 89' lang='lat' dir='ltr'><strong>ab</strong></span> <span class='ocrx_word' id='word_1_29' title='bbox 504 602 576 669; x_wconf 81' lang='lat' dir='ltr'><strong>ignis</strong></span> <span class='ocrx_word' id='word_1_30' title='bbox 594 599 767 653; x_wconf 78' lang='lat' dir='ltr'>vehementia</span> <span class='ocrx_word' id='word_1_31' title='bbox 786 599 1017 653; x_wconf 81' lang='lat' dir='ltr'><strong>confervescendo</strong></span> <span class='ocrx_word' id='word_1_32' title='bbox 1030 601 1190 669; x_wconf 81' lang='lat' dir='ltr'><strong>coaluerint,</strong></span> <span class='ocrx_word' id='word_1_33' title='bbox 1208 602 1281 656; x_wconf 90' lang='lat' dir='ltr'><strong>inter</strong></span> <span class='ocrx_word' id='word_1_34' title='bbox 1299 621 1328 657; x_wconf 89' lang='lat' dir='ltr'><strong>se</strong></span> 
     </span>
     <span class='ocr_line' id='line_1_5' title="bbox 96 694 1098 765; baseline -0.002 -14"><span class='ocrx_word' id='word_1_35' title='bbox 96 697 186 751; x_wconf 84' lang='lat' dir='ltr'><strong>dando</strong></span> <span class='ocrx_word' id='word_1_36' title='bbox 205 702 232 750; x_wconf 91' lang='lat' dir='ltr'><strong>et</strong></span> <span class='ocrx_word' id='word_1_37' title='bbox 250 696 410 765; x_wconf 84' lang='lat' dir='ltr'><strong>accipiendo</strong></span> <span class='ocrx_word' id='word_1_38' title='bbox 429 696 541 748; x_wconf 90' lang='lat' dir='ltr'><strong>sudores</strong></span> <span class='ocrx_word' id='word_1_39' title='bbox 561 715 576 748; x_wconf 94' lang='lat' dir='ltr'><strong>a</strong></span> <span class='ocrx_word' id='word_1_40' title='bbox 594 694 809 764; x_wconf 86' lang='lat' dir='ltr'><strong>proprietatibus</strong></span> <span class='ocrx_word' id='word_1_41' title='bbox 828 694 974 748; x_wconf 88' lang='lat' dir='ltr'><strong>discedunt</strong></span> <span class='ocrx_word' id='word_1_42' title='bbox 991 713 1014 749; x_wconf 87' lang='lat' dir='ltr'><strong>a.</strong></span> <span class='ocrx_word' id='word_1_43' title='bbox 1033 714 1058 764; x_wconf 90' lang='lat' dir='ltr'><strong>q.</strong></span> <span class='ocrx_word' id='word_1_44' title='bbox 1079 713 1098 749; x_wconf 92' lang='lat' dir='ltr'><strong>s.</strong></span> 
     </span>
    </p>

    <p class='ocr_par' dir='ltr' id='par_1_3' title="bbox 181 789 1027 859">
     <span class='ocr_line' id='line_1_6' title="bbox 181 789 1027 859; baseline 0.001 -17"><span class='ocrx_word' id='word_1_45' title='bbox 181 792 253 859; x_wconf 79' lang='lat'><strong>24‚5</strong></span> <span class='ocrx_word' id='word_1_46' title='bbox 273 791 354 843; x_wconf 91' lang='lat' dir='ltr'><strong>simnl</strong></span> <span class='ocrx_word' id='word_1_47' title='bbox 374 794 465 843; x_wconf 89' lang='lat' dir='ltr'><strong>autern</strong></span> <span class='ocrx_word' id='word_1_48' title='bbox 485 790 590 843; x_wconf 86' lang='lat' dir='ltr'><strong>fervere</strong></span> <span class='ocrx_word' id='word_1_49' title='bbox 610 790 759 858; x_wconf 77' lang='lat' dir='ltr'><strong>coeperint,</strong></span> <span class='ocrx_word' id='word_1_50' title='bbox 778 789 902 842; x_wconf 86' lang='lat' dir='ltr'><strong>efficiunt</strong></span> <span class='ocrx_word' id='word_1_51' title='bbox 920 807 942 842; x_wconf 89' lang='lat' dir='ltr'><strong>e.</strong></span> <span class='ocrx_word' id='word_1_52' title='bbox 962 807 987 857; x_wconf 94' lang='lat' dir='ltr'><strong>q.</strong></span> <span class='ocrx_word' id='word_1_53' title='bbox 1007 808 1027 843; x_wconf 88' lang='lat' dir='ltr'><strong>s.</strong></span> 
     </span>
    </p>

    <p class='ocr_par' dir='ltr' id='par_1_4' title="bbox 98 868 1328 1034">
     <span class='ocr_line' id='line_1_7' title="bbox 182 868 1328 954; baseline 0.002 -16"><span class='ocrx_word' id='word_1_54' title='bbox 182 888 239 954; x_wconf 79' lang='lat'>154,</span> <span class='ocrx_word' id='word_1_55' title='bbox 251 888 284 936; x_wconf 79' lang='lat'><strong>23</strong></span> <span class='ocrx_word' id='word_1_56' title='bbox 304 929 309 939; x_wconf 91' lang='lat'><strong>.</strong></span> <span class='ocrx_word' id='word_1_57' title='bbox 329 929 334 939; x_wconf 92' lang='lat'><strong>.</strong></span> <span class='ocrx_word' id='word_1_58' title='bbox 355 929 360 940; x_wconf 87' lang='lat'><strong>.</strong></span> <span class='ocrx_word' id='word_1_59' title='bbox 380 885 546 938; x_wconf 74' lang='lat' dir='ltr'><strong>architectus</strong></span> <span class='ocrx_word' id='word_1_60' title='bbox 571 888 663 937; x_wconf 87' lang='lat' dir='ltr'><strong>autern</strong></span> <span class='ocrx_word' id='word_1_61' title='bbox 687 884 769 937; x_wconf 87' lang='lat' dir='ltr'><strong>simul</strong></span> <span class='ocrx_word' id='word_1_62' title='bbox 788 884 880 938; x_wconf 91' lang='lat' dir='ltr'><strong>animo</strong></span> <span class='ocrx_word' id='word_1_63' title='bbox 904 884 1087 952; x_wconf 82' lang='lat' dir='ltr'><strong>constituerit,</strong></span> <span class='ocrx_word' id='word_1_64' title='bbox 1106 927 1112 938; x_wconf 94' lang='lat'><strong>.</strong></span> <span class='ocrx_word' id='word_1_65' title='bbox 1132 868 1163 938; x_wconf 70' lang='lat'><strong>.².</strong></span> <span class='ocrx_word' id='word_1_66' title='bbox 1183 885 1266 940; x_wconf 89' lang='lat' dir='ltr'><strong>habet</strong></span> <span class='ocrx_word' id='word_1_67' title='bbox 1285 886 1328 940; x_wconf 91' lang='lat' dir='ltr'><strong>de-</strong></span> 
     </span>
     <span class='ocr_line' id='line_1_8' title="bbox 98 980 213 1034; baseline 0 0"><span class='ocrx_word' id='word_1_68' title='bbox 98 980 213 1034; x_wconf 89' lang='lat' dir='ltr'><strong>finitum.</strong></span> 
     </span>
    </p>
   </div>
   <div class='ocr_carea' id='block_1_3' title="bbox 180 1072 1344 1143">
    <p class='ocr_par' dir='ltr' id='par_1_5' title="bbox 180 1072 1344 1143">
     <span class='ocr_line' id='line_1_9' title="bbox 180 1072 1344 1143; baseline 0.003 -17"><span class='ocrx_word' id='word_1_69' title='bbox 180 1076 248 1142; x_wconf 86' lang='grc'><strong>47,1</strong></span> <span class='ocrx_word' id='word_1_70' title='bbox 269 1075 350 1127; x_wconf 89' lang='lat' dir='ltr'><strong>simul</strong></span> <span class='ocrx_word' id='word_1_71' title='bbox 369 1078 460 1127; x_wconf 88' lang='lat' dir='ltr'><strong>autern</strong></span> <span class='ocrx_word' id='word_1_72' title='bbox 479 1072 574 1126; x_wconf 85' lang='lat' dir='ltr'><strong>umida</strong></span> <span class='ocrx_word' id='word_1_73' title='bbox 591 1077 713 1142; x_wconf 88' lang='lat' dir='ltr'><strong>potestas</strong></span> <span class='ocrx_word' id='word_1_74' title='bbox 732 1092 747 1126; x_wconf 94' lang='lat' dir='ltr'><strong>e</strong></span> <span class='ocrx_word' id='word_1_75' title='bbox 765 1073 882 1126; x_wconf 87' lang='lat' dir='ltr'><strong>materia</strong></span> <span class='ocrx_word' id='word_1_76' title='bbox 899 1091 948 1143; x_wconf 91' lang='lat' dir='ltr'><strong>per</strong></span> <span class='ocrx_word' id='word_1_77' title='bbox 967 1078 1172 1128; x_wconf 85' lang='lat' dir='ltr'><strong>caementorum</strong></span> <span class='ocrx_word' id='word_1_78' title='bbox 1184 1075 1344 1129; x_wconf 88' lang='lat' dir='ltr'><strong>raritatem</strong></span> 
     </span>
    </p>
   </div>
   <div class='ocr_carea' id='block_1_4' title="bbox 99 1167 1326 1332">
    <p class='ocr_par' dir='ltr' id='par_1_6' title="bbox 99 1167 1326 1332">
     <span class='ocr_line' id='line_1_10' title="bbox 101 1167 1326 1237; baseline 0.002 -16"><span class='ocrx_word' id='word_1_79' title='bbox 101 1169 183 1222; x_wconf 89' lang='lat' dir='ltr'><strong>suerit</strong></span> <span class='ocrx_word' id='word_1_80' title='bbox 200 1174 313 1222; x_wconf 88' lang='lat' dir='ltr'><strong>exsucta</strong></span> <span class='ocrx_word' id='word_1_81' title='bbox 332 1169 447 1236; x_wconf 83' lang='lat' dir='ltr'><strong>calxque</strong></span> <span class='ocrx_word' id='word_1_82' title='bbox 466 1170 500 1221; x_wconf 85' lang='lat' dir='ltr'><strong>ab</strong></span> <span class='ocrx_word' id='word_1_83' title='bbox 519 1168 622 1220; x_wconf 89' lang='lat' dir='ltr'><strong>harena</strong></span> <span class='ocrx_word' id='word_1_84' title='bbox 639 1167 764 1220; x_wconf 88' lang='lat' dir='ltr'><strong>discedat</strong></span> <span class='ocrx_word' id='word_1_85' title='bbox 782 1172 810 1221; x_wconf 91' lang='lat' dir='ltr'><strong>et</strong></span> <span class='ocrx_word' id='word_1_86' title='bbox 828 1167 1002 1237; x_wconf 89' lang='lat' dir='ltr'><strong>dissolvatur,</strong></span> <span class='ocrx_word' id='word_1_87' title='bbox 1025 1169 1092 1222; x_wconf 90' lang='lat' dir='ltr'><strong>item</strong></span> <span class='ocrx_word' id='word_1_88' title='bbox 1110 1175 1254 1223; x_wconf 87' lang='lat' dir='ltr'><strong>caementa</strong></span> <span class='ocrx_word' id='word_1_89' title='bbox 1271 1188 1326 1224; x_wconf 94' lang='lat' dir='ltr'><strong>non</strong></span> 
     </span>
     <span class='ocr_line' id='line_1_11' title="bbox 99 1264 645 1332; baseline 0 -16"><span class='ocrx_word' id='word_1_90' title='bbox 99 1267 212 1332; x_wconf 82' lang='lat' dir='ltr'><strong>possunt</strong></span> <span class='ocrx_word' id='word_1_91' title='bbox 230 1282 292 1316; x_wconf 92' lang='lat' dir='ltr'><strong>cum</strong></span> <span class='ocrx_word' id='word_1_92' title='bbox 312 1264 354 1316; x_wconf 91' lang='lat' dir='ltr'><strong>his</strong></span> <span class='ocrx_word' id='word_1_93' title='bbox 374 1264 519 1316; x_wconf 88' lang='lat' dir='ltr'><strong>cohaerere</strong></span> <span class='ocrx_word' id='word_1_94' title='bbox 538 1280 560 1317; x_wconf 88' lang='lat' dir='ltr'><strong>e.</strong></span> <span class='ocrx_word' id='word_1_95' title='bbox 580 1282 605 1330; x_wconf 92' lang='lat' dir='ltr'><strong>q.</strong></span> <span class='ocrx_word' id='word_1_96' title='bbox 625 1281 645 1316; x_wconf 91' lang='lat' dir='ltr'><strong>s.</strong></span> 
     </span>
    </p>
   </div>
   <div class='ocr_carea' id='block_1_5' title="bbox 92 1381 1328 3011">
    <p class='ocr_par' dir='ltr' id='par_1_7' title="bbox 100 1381 1328 1566">
     <span class='ocr_line' id='line_1_12' title="bbox 182 1381 1328 1456; baseline 0.003 -18"><span class='ocrx_word' id='word_1_97' title='bbox 182 1381 262 1455; x_wconf 79' lang='lat' dir='ltr'><strong>Quae</strong></span> <span class='ocrx_word' id='word_1_98' title='bbox 285 1382 417 1454; x_wconf 87' lang='lat' dir='ltr'><strong>exempla</strong></span> <span class='ocrx_word' id='word_1_99' title='bbox 439 1383 481 1439; x_wconf 90' lang='lat' dir='ltr'><strong>eis</strong></span> <span class='ocrx_word' id='word_1_100' title='bbox 509 1382 594 1456; x_wconf 93' lang='lat' dir='ltr'><strong>plane</strong></span> <span class='ocrx_word' id='word_1_101' title='bbox 623 1381 811 1453; x_wconf 88' lang='lat' dir='ltr'><strong>respondere,</strong></span> <span class='ocrx_word' id='word_1_102' title='bbox 841 1397 915 1453; x_wconf 91' lang='lat' dir='ltr'><strong>quae</strong></span> <span class='ocrx_word' id='word_1_103' title='bbox 944 1397 963 1437; x_wconf 90' lang='lat' dir='ltr'><strong>a</strong></span> <span class='ocrx_word' id='word_1_104' title='bbox 989 1398 1052 1439; x_wconf 90' lang='lat' dir='ltr'><strong>cum</strong></span> <span class='ocrx_word' id='word_1_105' title='bbox 1079 1398 1219 1455; x_wconf 89' lang='lat' dir='ltr'><strong>suspensa</strong></span> <span class='ocrx_word' id='word_1_106' title='bbox 1240 1399 1328 1456; x_wconf 89' lang='lat' dir='ltr'><strong>supra</strong></span> 
     </span>
     <span class='ocr_line' id='line_1_13' title="bbox 100 1493 873 1566; baseline 0.001 -16"><span class='ocrx_word' id='word_1_107' title='bbox 100 1494 296 1562; x_wconf 67' lang='lat' dir='ltr'><strong>tractavimus</strong></span> <span class='ocrx_word' id='word_1_108' title='bbox 320 1494 438 1551; x_wconf 90' lang='lat' dir='ltr'><strong>cuilibet</strong></span> <span class='ocrx_word' id='word_1_109' title='bbox 460 1493 641 1566; x_wconf 89' lang='lat' dir='ltr'><strong>conspicuum</strong></span> <span class='ocrx_word' id='word_1_110' title='bbox 664 1509 727 1550; x_wconf 90' lang='lat' dir='ltr'><strong>esse</strong></span> <span class='ocrx_word' id='word_1_111' title='bbox 751 1497 873 1565; x_wconf 85' lang='lat' dir='ltr'><strong>oportet.</strong></span> 
     </span>
    </p>

    <p class='ocr_par' dir='ltr' id='par_1_8' title="bbox 92 1602 1327 2789">
     <span class='ocr_line' id='line_1_14' title="bbox 182 1602 1327 1677; baseline 0.002 -16"><span class='ocrx_word' id='word_1_112' title='bbox 182 1602 237 1661; x_wconf 91' lang='lat' dir='ltr'><strong>Pro</strong></span> <span class='ocrx_word' id='word_1_113' title='bbox 261 1605 381 1677; x_wconf 88' lang='lat' dir='ltr'><strong>simplici</strong></span> <span class='ocrx_word' id='word_1_114' title='bbox 404 1604 602 1661; x_wconf 88' lang='lat' dir='ltr'><strong>coniunctione</strong></span> <span class='ocrx_word' id='word_1_115' title='bbox 625 1603 709 1660; x_wconf 89' lang='lat' dir='ltr'><strong>simul</strong></span> <span class='ocrx_word' id='word_1_116' title='bbox 732 1620 829 1661; x_wconf 92' lang='lat' dir='ltr'><strong>omnes</strong></span> <span class='ocrx_word' id='word_1_117' title='bbox 851 1603 964 1661; x_wconf 86' lang='lat' dir='ltr'><strong>codices</strong></span> <span class='ocrx_word' id='word_1_118' title='bbox 986 1604 1076 1662; x_wconf 90' lang='lat' dir='ltr'><strong>semel</strong></span> <span class='ocrx_word' id='word_1_119' title='bbox 1092 1606 1228 1663; x_wconf 86' lang='lat' dir='ltr'><strong>exhibent</strong></span> <span class='ocrx_word' id='word_1_120' title='bbox 1243 1607 1327 1664; x_wconf 88' lang='lat' dir='ltr'><strong>sirnul</strong></span> 
     </span>
     <span class='ocr_line' id='line_1_15' title="bbox 96 1712 1326 1790; baseline 0.002 -17"><span class='ocrx_word' id='word_1_121' title='bbox 96 1721 128 1774; x_wconf 92' lang='lat' dir='ltr'><strong>ut</strong></span> <span class='ocrx_word' id='word_1_122' title='bbox 154 1715 218 1790; x_wconf 77' lang='lat'>(⁶24,</span> <span class='ocrx_word' id='word_1_123' title='bbox 240 1716 282 1789; x_wconf 82' lang='lat'><strong>5).</strong></span> <span class='ocrx_word' id='word_1_124' title='bbox 333 1714 417 1787; x_wconf 77' lang='lat' dir='ltr'><strong>Apud</strong></span> <span class='ocrx_word' id='word_1_125' title='bbox 443 1712 610 1772; x_wconf 84' lang='lat' dir='ltr'><strong>Ciceronem</strong></span> <span class='ocrx_word' id='word_1_126' title='bbox 637 1717 719 1769; x_wconf 87' lang='lat' dir='ltr'><strong>simul</strong></span> <span class='ocrx_word' id='word_1_127' title='bbox 738 1721 769 1770; x_wconf 83' lang='lat' dir='ltr'><strong>ut</strong></span> <span class='ocrx_word' id='word_1_128' title='bbox 795 1715 946 1788; x_wconf 85' lang='lat' dir='ltr'><strong>quinquies</strong></span> <span class='ocrx_word' id='word_1_129' title='bbox 972 1717 1085 1773; x_wconf 91' lang='lat' dir='ltr'><strong>omniuo</strong></span> <span class='ocrx_word' id='word_1_130' title='bbox 1112 1718 1236 1789; x_wconf 89' lang='lat' dir='ltr'><strong>positum</strong></span> <span class='ocrx_word' id='word_1_131' title='bbox 1263 1734 1326 1775; x_wconf 91' lang='lat' dir='ltr'><strong>esse</strong></span> 
     </span>
     <span class='ocr_line' id='line_1_16' title="bbox 97 1825 1327 1905; baseline 0.002 -21"><span class='ocrx_word' id='word_1_132' title='bbox 97 1828 221 1885; x_wconf 91' lang='lat' dir='ltr'><strong>omniurn</strong></span> <span class='ocrx_word' id='word_1_133' title='bbox 243 1828 381 1885; x_wconf 88' lang='lat' dir='ltr'><strong>librorum</strong></span> <span class='ocrx_word' id='word_1_134' title='bbox 398 1844 464 1885; x_wconf 89' lang='lat' dir='ltr'><strong>mss.</strong></span> <span class='ocrx_word' id='word_1_135' title='bbox 481 1843 629 1895; x_wconf 90' lang='lat' dir='ltr'><strong>consensu,</strong></span> <span class='ocrx_word' id='word_1_136' title='bbox 647 1825 810 1905; x_wconf 83' lang='lat' dir='ltr'><strong>Madvigius</strong></span> <span class='ocrx_word' id='word_1_137' title='bbox 825 1826 978 1885; x_wconf 86' lang='lat' dir='ltr'><strong>adnotavit</strong></span> <span class='ocrx_word' id='word_1_138' title='bbox 993 1827 1030 1884; x_wconf 92' lang='lat' dir='ltr'><strong>ad</strong></span> <span class='ocrx_word' id='word_1_139' title='bbox 1045 1826 1081 1884; x_wconf 90' lang='lat' dir='ltr'><strong>de</strong></span> <span class='ocrx_word' id='word_1_140' title='bbox 1096 1828 1145 1886; x_wconf 85' lang='lat' dir='ltr'><strong>tin.</strong></span> <span class='ocrx_word' id='word_1_141' title='bbox 1158 1826 1196 1887; x_wconf 92' lang='lat' dir='ltr'><strong>ll.</strong></span> <span class='ocrx_word' id='word_1_142' title='bbox 1212 1831 1260 1887; x_wconf 87' lang='lat'><strong>11.</strong></span> <span class='ocrx_word' id='word_1_143' title='bbox 1275 1830 1327 1887; x_wconf 83' lang='lat'><strong>33.</strong></span> 
     </span>
     <span class='ocr_line' id='line_1_17' title="bbox 95 1937 1327 2012; baseline 0.001 -16"><span class='ocrx_word' id='word_1_144' title='bbox 95 1938 139 1996; x_wconf 87' lang='lat' dir='ltr'><strong>Ac</strong></span> <span class='ocrx_word' id='word_1_145' title='bbox 160 1944 240 1996; x_wconf 86' lang='lat' dir='ltr'><strong>recte</strong></span> <span class='ocrx_word' id='word_1_146' title='bbox 263 1939 424 2011; x_wconf 84' lang='lat' dir='ltr'><strong>suspicatus</strong></span> <span class='ocrx_word' id='word_1_147' title='bbox 447 1943 504 2006; x_wconf 89' lang='lat' dir='ltr'><strong>est,</strong></span> <span class='ocrx_word' id='word_1_148' title='bbox 530 1939 606 2010; x_wconf 90' lang='lat' dir='ltr'><strong>ipsos</strong></span> <span class='ocrx_word' id='word_1_149' title='bbox 629 1938 773 2006; x_wconf 72' lang='lat' dir='ltr'><strong>librarios</strong></span> <span class='ocrx_word' id='word_1_150' title='bbox 796 1938 844 1995; x_wconf 90' lang='lat' dir='ltr'><strong>ubi</strong></span> <span class='ocrx_word' id='word_1_151' title='bbox 867 1937 951 1994; x_wconf 88' lang='lat' dir='ltr'><strong>simul</strong></span> <span class='ocrx_word' id='word_1_152' title='bbox 972 1955 1024 2011; x_wconf 89' lang='lat' dir='ltr'><strong>pro</strong></span> <span class='ocrx_word' id='word_1_153' title='bbox 1048 1939 1166 1996; x_wconf 90' lang='lat' dir='ltr'><strong>simulac</strong></span> <span class='ocrx_word' id='word_1_154' title='bbox 1188 1940 1327 2012; x_wconf 88' lang='lat' dir='ltr'><strong>scriptum</strong></span> 
     </span>
     <span class='ocr_line' id='line_1_18' title="bbox 94 2047 1326 2121; baseline 0.001 -14"><span class='ocrx_word' id='word_1_155' title='bbox 94 2054 185 2119; x_wconf 88' lang='lat' dir='ltr'><strong>esset,</strong></span> <span class='ocrx_word' id='word_1_156' title='bbox 214 2057 466 2121; x_wconf 79' lang='lat' dir='ltr'><strong>nonnunquamet</strong></span> <span class='ocrx_word' id='word_1_157' title='bbox 488 2048 535 2106; x_wconf 92' lang='lat' dir='ltr'><strong>vel</strong></span> <span class='ocrx_word' id='word_1_158' title='bbox 558 2055 640 2118; x_wconf 82' lang='lat' dir='ltr'><strong>atque</strong></span> <span class='ocrx_word' id='word_1_159' title='bbox 663 2050 711 2106; x_wconf 90' lang='lat' dir='ltr'><strong>vel</strong></span> <span class='ocrx_word' id='word_1_160' title='bbox 734 2055 765 2102; x_wconf 87' lang='lat' dir='ltr'><strong>ut</strong></span> <span class='ocrx_word' id='word_1_161' title='bbox 787 2048 940 2108; x_wconf 89' lang='lat' dir='ltr'><strong>addidisse.</strong></span> <span class='ocrx_word' id='word_1_162' title='bbox 975 2047 1074 2121; x_wconf 90' lang='lat' dir='ltr'><strong>Neque</strong></span> <span class='ocrx_word' id='word_1_163' title='bbox 1096 2050 1153 2109; x_wconf 89' lang='lat' dir='ltr'><strong>viri</strong></span> <span class='ocrx_word' id='word_1_164' title='bbox 1168 2051 1245 2108; x_wconf 92' lang='lat' dir='ltr'><strong>illius</strong></span> <span class='ocrx_word' id='word_1_165' title='bbox 1263 2068 1326 2108; x_wconf 89' lang='lat' dir='ltr'><strong>cum</strong></span> 
     </span>
     <span class='ocr_line' id='line_1_19' title="bbox 93 2160 1325 2232; baseline 0 -13"><span class='ocrx_word' id='word_1_166' title='bbox 93 2161 251 2219; x_wconf 89' lang='lat' dir='ltr'><strong>doctissimi</strong></span> <span class='ocrx_word' id='word_1_167' title='bbox 272 2168 333 2218; x_wconf 89' lang='lat' dir='ltr'><strong>tum</strong></span> <span class='ocrx_word' id='word_1_168' title='bbox 356 2160 533 2218; x_wconf 88' lang='lat' dir='ltr'><strong>subtilissimi</strong></span> <span class='ocrx_word' id='word_1_169' title='bbox 556 2160 650 2232; x_wconf 91' lang='lat' dir='ltr'><strong>opinio</strong></span> <span class='ocrx_word' id='word_1_170' title='bbox 677 2177 734 2216; x_wconf 92' lang='lat' dir='ltr'><strong>non</strong></span> <span class='ocrx_word' id='word_1_171' title='bbox 755 2160 949 2230; x_wconf 83' lang='lat' dir='ltr'><strong>confirmatur,</strong></span> <span class='ocrx_word' id='word_1_172' title='bbox 974 2161 998 2218; x_wconf 93' lang='lat' dir='ltr'><strong>si</strong></span> <span class='ocrx_word' id='word_1_173' title='bbox 1013 2160 1146 2219; x_wconf 62' lang='lat' dir='ltr'><strong>›Vitruvii</strong></span> <span class='ocrx_word' id='word_1_174' title='bbox 1167 2161 1256 2218; x_wconf 89' lang='lat' dir='ltr'><strong>libros</strong></span> <span class='ocrx_word' id='word_1_175' title='bbox 1278 2178 1325 2219; x_wconf 91' lang='lat' dir='ltr'><strong>re·</strong></span> 
     </span>
     <span class='ocr_line' id='line_1_20' title="bbox 95 2268 1325 2343; baseline 0.002 -15"><span class='ocrx_word' id='word_1_176' title='bbox 95 2272 208 2343; x_wconf 87' lang='lat' dir='ltr'><strong>spicias.</strong></span> <span class='ocrx_word' id='word_1_177' title='bbox 254 2270 327 2329; x_wconf 90' lang='lat' dir='ltr'><strong>Nam</strong></span> <span class='ocrx_word' id='word_1_178' title='bbox 352 2273 422 2341; x_wconf 82' lang='lat'>137,</span> <span class='ocrx_word' id='word_1_179' title='bbox 436 2274 474 2328; x_wconf 78' lang='lat'><strong>21</strong></span> <span class='ocrx_word' id='word_1_180' title='bbox 502 2276 623 2342; x_wconf 91' lang='lat' dir='ltr'><strong>uterque</strong></span> <span class='ocrx_word' id='word_1_181' title='bbox 646 2271 735 2328; x_wconf 84' lang='lat' dir='ltr'><strong>codex</strong></span> <span class='ocrx_word' id='word_1_182' title='bbox 757 2268 905 2329; x_wconf 88' lang='lat' dir='ltr'><strong>Gudianus</strong></span> <span class='ocrx_word' id='word_1_183' title='bbox 931 2279 963 2326; x_wconf 87' lang='lat' dir='ltr'><strong>ut</strong></span> <span class='ocrx_word' id='word_1_184' title='bbox 988 2273 1077 2330; x_wconf 89' lang='lat' dir='ltr'><strong>habet</strong></span> <span class='ocrx_word' id='word_1_185' title='bbox 1104 2272 1247 2341; x_wconf 87' lang='lat' dir='ltr'><strong>additum,</strong></span> <span class='ocrx_word' id='word_1_186' title='bbox 1275 2274 1325 2330; x_wconf 92' lang='lat' dir='ltr'><strong>ubi</strong></span> 
     </span>
     <span class='ocr_line' id='line_1_21' title="bbox 92 2381 1324 2456; baseline 0.002 -17"><span class='ocrx_word' id='word_1_187' title='bbox 92 2382 184 2440; x_wconf 88' lang='lat' dir='ltr'><strong>codex</strong></span> <span class='ocrx_word' id='word_1_188' title='bbox 210 2384 354 2454; x_wconf 89' lang='lat' dir='ltr'><strong>antiquior</strong></span> <span class='ocrx_word' id='word_1_189' title='bbox 380 2382 554 2440; x_wconf 87' lang='lat' dir='ltr'><strong>Harleianus</strong></span> <span class='ocrx_word' id='word_1_190' title='bbox 582 2384 664 2437; x_wconf 88' lang='lat' dir='ltr'><strong>simul</strong></span> <span class='ocrx_word' id='word_1_191' title='bbox 688 2383 805 2441; x_wconf 90' lang='lat' dir='ltr'><strong>exhibet</strong></span> <span class='ocrx_word' id='word_1_192' title='bbox 832 2383 1000 2455; x_wconf 89' lang='lat' dir='ltr'><strong>simpliciter</strong></span> <span class='ocrx_word' id='word_1_193' title='bbox 1026 2384 1159 2456; x_wconf 85' lang='lat' dir='ltr'><strong>positum.</strong></span> <span class='ocrx_word' id='word_1_194' title='bbox 1210 2381 1267 2442; x_wconf 86' lang='lat' dir='ltr'><strong>Sed</strong></span> <span class='ocrx_word' id='word_1_195' title='bbox 1289 2385 1324 2442; x_wconf 92' lang='lat' dir='ltr'><strong>de</strong></span> 
     </span>
     <span class='ocr_line' id='line_1_22' title="bbox 93 2493 1324 2570; baseline 0.001 -21"><span class='ocrx_word' id='word_1_196' title='bbox 93 2494 241 2566; x_wconf 85' lang='lat' dir='ltr'><strong>superiore</strong></span> <span class='ocrx_word' id='word_1_197' title='bbox 264 2511 374 2565; x_wconf 87' lang='lat' dir='ltr'><strong>quoque</strong></span> <span class='ocrx_word' id='word_1_198' title='bbox 396 2494 457 2551; x_wconf 90' lang='lat' dir='ltr'><strong>loco</strong></span> <span class='ocrx_word' id='word_1_199' title='bbox 481 2493 544 2568; x_wconf 81' lang='lat'><strong>(27,</strong></span> <span class='ocrx_word' id='word_1_200' title='bbox 562 2493 593 2570; x_wconf 82' lang='lat'><strong>5)</strong></span> <span class='ocrx_word' id='word_1_201' title='bbox 617 2494 744 2552; x_wconf 92' lang='lat' dir='ltr'><strong>dubitari</strong></span> <span class='ocrx_word' id='word_1_202' title='bbox 765 2498 870 2566; x_wconf 87' lang='lat' dir='ltr'><strong>potest,</strong></span> <span class='ocrx_word' id='word_1_203' title='bbox 894 2510 961 2551; x_wconf 90' lang='lat' dir='ltr'><strong>num</strong></span> <span class='ocrx_word' id='word_1_204' title='bbox 987 2495 1048 2568; x_wconf 90' lang='lat' dir='ltr'><strong>ipse</strong></span> <span class='ocrx_word' id='word_1_205' title='bbox 1070 2493 1219 2553; x_wconf 89' lang='lat' dir='ltr'><strong>Vitruvius</strong></span> <span class='ocrx_word' id='word_1_206' title='bbox 1242 2497 1324 2550; x_wconf 84' lang='lat' dir='ltr'><strong>simul</strong></span> 
     </span>
     <span class='ocr_line' id='line_1_23' title="bbox 92 2604 1324 2679; baseline 0.004 -21"><span class='ocrx_word' id='word_1_207' title='bbox 92 2609 127 2658; x_wconf 82' lang='lat' dir='ltr'><strong>ut</strong></span> <span class='ocrx_word' id='word_1_208' title='bbox 152 2605 307 2676; x_wconf 85' lang='lat' dir='ltr'><strong>scripserit.</strong></span> <span class='ocrx_word' id='word_1_209' title='bbox 354 2604 452 2676; x_wconf 88' lang='lat' dir='ltr'><strong>Neque</strong></span> <span class='ocrx_word' id='word_1_210' title='bbox 475 2606 551 2662; x_wconf 90' lang='lat' dir='ltr'><strong>enirn</strong></span> <span class='ocrx_word' id='word_1_211' title='bbox 577 2622 696 2677; x_wconf 87' lang='lat' dir='ltr'><strong>usquam</strong></span> <span class='ocrx_word' id='word_1_212' title='bbox 718 2605 788 2662; x_wconf 86' lang='lat' dir='ltr'><strong>alibi</strong></span> <span class='ocrx_word' id='word_1_213' title='bbox 810 2637 846 2646; x_wconf 94' lang='lat'>-</span> <span class='ocrx_word' id='word_1_214' title='bbox 872 2606 947 2679; x_wconf 88' lang='lat' dir='ltr'><strong>quod</strong></span> <span class='ocrx_word' id='word_1_215' title='bbox 970 2607 1059 2663; x_wconf 90' lang='lat' dir='ltr'><strong>sciam</strong></span> <span class='ocrx_word' id='word_1_216' title='bbox 1074 2637 1111 2646; x_wconf 63' lang='grc'><strong>»-</strong></span> <span class='ocrx_word' id='word_1_217' title='bbox 1135 2606 1211 2678; x_wconf 91' lang='lat' dir='ltr'><strong>apud</strong></span> <span class='ocrx_word' id='word_1_218' title='bbox 1226 2605 1324 2664; x_wconf 84' lang='lat' dir='ltr'><strong>Vitru-</strong></span> 
     </span>
     <span class='ocr_line' id='line_1_24' title="bbox 94 2714 951 2789; baseline 0.004 -18"><span class='ocrx_word' id='word_1_219' title='bbox 94 2714 173 2771; x_wconf 89' lang='lat' dir='ltr'><strong>vium</strong></span> <span class='ocrx_word' id='word_1_220' title='bbox 196 2721 227 2768; x_wconf 87' lang='lat' dir='ltr'><strong>ut</strong></span> <span class='ocrx_word' id='word_1_221' title='bbox 249 2716 455 2772; x_wconf 89' lang='lat' dir='ltr'><strong>coniunctionis</strong></span> <span class='ocrx_word' id='word_1_222' title='bbox 478 2717 645 2789; x_wconf 88' lang='lat' dir='ltr'><strong>temporalis</strong></span> <span class='ocrx_word' id='word_1_223' title='bbox 670 2733 789 2774; x_wconf 91' lang='lat' dir='ltr'><strong>munere</strong></span> <span class='ocrx_word' id='word_1_224' title='bbox 810 2717 951 2788; x_wconf 81' lang='lat' dir='ltr'><strong>iungitur.</strong></span> 
     </span>
    </p>

    <p class='ocr_par' dir='ltr' id='par_1_9' title="bbox 95 2822 1324 3011">
     <span class='ocr_line' id='line_1_25' title="bbox 180 2822 1324 2899; baseline 0.002 -16"><span class='ocrx_word' id='word_1_225' title='bbox 180 2822 314 2899; x_wconf 87' lang='lat' dir='ltr'><strong>Sequitur</strong></span> <span class='ocrx_word' id='word_1_226' title='bbox 340 2832 371 2884; x_wconf 93' lang='lat' dir='ltr'><strong>ut</strong></span> <span class='ocrx_word' id='word_1_227' title='bbox 394 2827 429 2884; x_wconf 92' lang='lat' dir='ltr'><strong>de</strong></span> <span class='ocrx_word' id='word_1_228' title='bbox 452 2827 610 2884; x_wconf 87' lang='lat' dir='ltr'><strong>enuntiatis</strong></span> <span class='ocrx_word' id='word_1_229' title='bbox 632 2826 839 2898; x_wconf 88' lang='lat' dir='ltr'><strong>temporalibus</strong></span> <span class='ocrx_word' id='word_1_230' title='bbox 861 2844 996 2898; x_wconf 82' lang='lat' dir='ltr'><strong>agamus,</strong></span> <span class='ocrx_word' id='word_1_231' title='bbox 1023 2827 1177 2898; x_wconf 91' lang='lat' dir='ltr'><strong>inquibus</strong></span> <span class='ocrx_word' id='word_1_232' title='bbox 1203 2827 1324 2885; x_wconf 89' lang='lat' dir='ltr'><strong>duarum</strong></span> 
     </span>
     <span class='ocr_line' id='line_1_26' title="bbox 95 2936 1257 3011; baseline 0.004 -19"><span class='ocrx_word' id='word_1_233' title='bbox 95 2936 247 3006; x_wconf 87' lang='lat' dir='ltr'><strong>actionum,</strong></span> <span class='ocrx_word' id='word_1_234' title='bbox 275 2938 379 3010; x_wconf 86' lang='lat' dir='ltr'><strong>prioris</strong></span> <span class='ocrx_word' id='word_1_235' title='bbox 402 2943 432 2995; x_wconf 92' lang='lat' dir='ltr'><strong>et</strong></span> <span class='ocrx_word' id='word_1_236' title='bbox 454 2937 632 3011; x_wconf 88' lang='lat' dir='ltr'><strong>posterioris,</strong></span> <span class='ocrx_word' id='word_1_237' title='bbox 655 2938 831 3010; x_wconf 86' lang='lat' dir='ltr'><strong>comparatio</strong></span> <span class='ocrx_word' id='word_1_238' title='bbox 855 2938 980 2996; x_wconf 87' lang='lat' dir='ltr'><strong>eflicitur</strong></span> <span class='ocrx_word' id='word_1_239' title='bbox 1001 2937 1257 2997; x_wconf 91' lang='lat' dir='ltr'><strong>coniunctionibus:</strong></span> 
     </span>
    </p>
   </div>
   <div class='ocr_carea' id='block_1_6' title="bbox 474 3120 943 3206">
    <p class='ocr_par' dir='ltr' id='par_1_10' title="bbox 474 3120 943 3206">
     <span class='ocr_line' id='line_1_27' title="bbox 474 3120 943 3206; baseline 0.004 -19"><span class='ocrx_word' id='word_1_240' title='bbox 474 3120 673 3206; x_wconf 87' lang='lat' dir='ltr'><strong>priusquam</strong></span> <span class='ocrx_word' id='word_1_241' title='bbox 695 3130 726 3182; x_wconf 85' lang='lat' dir='ltr'><strong>et</strong></span> <span class='ocrx_word' id='word_1_242' title='bbox 748 3122 943 3206; x_wconf 83' lang='lat' dir='ltr'><strong>antequam.</strong></span> 
     </span>
    </p>
   </div>
   <div class='ocr_carea' id='block_1_7' title="bbox 92 3285 1323 4140">
    <p class='ocr_par' dir='ltr' id='par_1_11' title="bbox 92 3285 1323 4140">
     <span class='ocr_line' id='line_1_28' title="bbox 180 3285 1320 3361; baseline 0.002 -16"><span class='ocrx_word' id='word_1_243' title='bbox 180 3285 214 3344; x_wconf 91' lang='lat' dir='ltr'><strong>ln</strong></span> <span class='ocrx_word' id='word_1_244' title='bbox 235 3306 328 3360; x_wconf 90' lang='lat' dir='ltr'><strong>pauca</strong></span> <span class='ocrx_word' id='word_1_245' title='bbox 350 3289 481 3346; x_wconf 85' lang='lat' dir='ltr'><strong>conferre</strong></span> <span class='ocrx_word' id='word_1_246' title='bbox 503 3289 599 3358; x_wconf 85' lang='lat' dir='ltr'><strong>liceat,</strong></span> <span class='ocrx_word' id='word_1_247' title='bbox 627 3305 700 3361; x_wconf 85' lang='lat' dir='ltr'><strong>quae</strong></span> <span class='ocrx_word' id='word_1_248' title='bbox 724 3289 780 3347; x_wconf 86' lang='lat' dir='ltr'><strong>viri</strong></span> <span class='ocrx_word' id='word_1_249' title='bbox 802 3290 879 3347; x_wconf 92' lang='lat' dir='ltr'><strong>docti</strong></span> <span class='ocrx_word' id='word_1_250' title='bbox 901 3289 936 3346; x_wconf 91' lang='lat' dir='ltr'><strong>de</strong></span> <span class='ocrx_word' id='word_1_251' title='bbox 958 3289 1041 3346; x_wconf 88' lang='lat' dir='ltr'><strong>vario</strong></span> <span class='ocrx_word' id='word_1_252' title='bbox 1064 3293 1093 3344; x_wconf 89' lang='lat' dir='ltr'><strong>et</strong></span> <span class='ocrx_word' id='word_1_253' title='bbox 1115 3289 1260 3360; x_wconf 91' lang='lat' dir='ltr'><strong>inaequali</strong></span> <span class='ocrx_word' id='word_1_254' title='bbox 1284 3323 1320 3331; x_wconf 94' lang='lat'><em>-</em></span> 
     </span>
     <span class='ocr_line' id='line_1_29' title="bbox 95 3399 1323 3473; baseline 0.003 -19"><span class='ocrx_word' id='word_1_255' title='bbox 95 3415 241 3456; x_wconf 89' lang='lat' dir='ltr'><strong>numerum</strong></span> <span class='ocrx_word' id='word_1_256' title='bbox 264 3400 289 3455; x_wconf 92' lang='lat' dir='ltr'><strong>si</strong></span> <span class='ocrx_word' id='word_1_257' title='bbox 311 3400 505 3472; x_wconf 89' lang='lat' dir='ltr'><strong>exemplorum</strong></span> <span class='ocrx_word' id='word_1_258' title='bbox 527 3405 643 3473; x_wconf 88' lang='lat' dir='ltr'><strong>spectas</strong></span> <span class='ocrx_word' id='word_1_259' title='bbox 667 3400 870 3472; x_wconf 87' lang='lat' dir='ltr'><strong>-utriusque</strong></span> <span class='ocrx_word' id='word_1_260' title='bbox 893 3399 1098 3457; x_wconf 91' lang='lat' dir='ltr'><strong>coniunctionis</strong></span> <span class='ocrx_word' id='word_1_261' title='bbox 1120 3416 1173 3456; x_wconf 91' lang='lat' dir='ltr'><strong>usu</strong></span> <span class='ocrx_word' id='word_1_262' title='bbox 1194 3401 1323 3458; x_wconf 90' lang='lat' dir='ltr'><strong>tradide-</strong></span> 
     </span>
     <span class='ocr_line' id='line_1_30' title="bbox 94 3508 1323 3582; baseline 0.002 -17"><span class='ocrx_word' id='word_1_263' title='bbox 94 3509 161 3568; x_wconf 86' lang='lat' dir='ltr'><strong>rint.</strong></span> <span class='ocrx_word' id='word_1_264' title='bbox 219 3508 371 3581; x_wconf 85' lang='lat' dir='ltr'><strong>Exempla,</strong></span> <span class='ocrx_word' id='word_1_265' title='bbox 400 3528 473 3582; x_wconf 91' lang='lat' dir='ltr'><strong>quae</strong></span> <span class='ocrx_word' id='word_1_266' title='bbox 502 3529 517 3568; x_wconf 91' lang='lat' dir='ltr'><strong>e</strong></span> <span class='ocrx_word' id='word_1_267' title='bbox 547 3509 641 3568; x_wconf 90' lang='lat' dir='ltr'><strong>Plauti</strong></span> <span class='ocrx_word' id='word_1_268' title='bbox 670 3516 700 3568; x_wconf 92' lang='lat' dir='ltr'><strong>et</strong></span> <span class='ocrx_word' id='word_1_269' title='bbox 724 3510 842 3568; x_wconf 87' lang='lat' dir='ltr'><strong>Terenti</strong></span> <span class='ocrx_word' id='word_1_270' title='bbox 869 3511 1021 3568; x_wconf 90' lang='lat' dir='ltr'><strong>comoediis</strong></span> <span class='ocrx_word' id='word_1_271' title='bbox 1048 3510 1148 3567; x_wconf 85' lang='lat' dir='ltr'><strong>attulit</strong></span> <span class='ocrx_word' id='word_1_272' title='bbox 1174 3508 1323 3581; x_wconf 87' lang='lat' dir='ltr'><strong>Holtzeus‚</strong></span> 
     </span>
     <span class='ocr_line' id='line_1_31' title="bbox 95 3618 1321 3695; baseline 0.002 -19"><span class='ocrx_word' id='word_1_273' title='bbox 95 3621 189 3677; x_wconf 88' lang='lat' dir='ltr'><strong>onmia</strong></span> <span class='ocrx_word' id='word_1_274' title='bbox 211 3621 320 3678; x_wconf 89' lang='lat' dir='ltr'><strong>habent</strong></span> <span class='ocrx_word' id='word_1_275' title='bbox 341 3622 516 3694; x_wconf 87' lang='lat' dir='ltr'><strong>priusquam.</strong></span> <span class='ocrx_word' id='word_1_276' title='bbox 550 3618 668 3678; x_wconf 86' lang='lat' dir='ltr'><strong>Catonis</strong></span> <span class='ocrx_word' id='word_1_277' title='bbox 690 3626 785 3678; x_wconf 90' lang='lat' dir='ltr'><strong>autem</strong></span> <span class='ocrx_word' id='word_1_278' title='bbox 808 3621 839 3678; x_wconf 95' lang='lat' dir='ltr'><strong>in</strong></span> <span class='ocrx_word' id='word_1_279' title='bbox 853 3621 926 3678; x_wconf 89' lang='lat' dir='ltr'><strong>libro</strong></span> <span class='ocrx_word' id='word_1_280' title='bbox 950 3622 985 3678; x_wconf 92' lang='lat' dir='ltr'><strong>de</strong></span> <span class='ocrx_word' id='word_1_281' title='bbox 1008 3621 1188 3692; x_wconf 87' lang='lat' dir='ltr'><strong>agricultura</strong></span> <span class='ocrx_word' id='word_1_282' title='bbox 1210 3639 1321 3695; x_wconf 91' lang='lat' dir='ltr'><strong>compo-</strong></span> 
     </span>
     <span class='ocr_line' id='line_1_32' title="bbox 95 3728 1321 3806; baseline 0.003 -17"><span class='ocrx_word' id='word_1_283' title='bbox 95 3728 176 3805; x_wconf 84' lang='lat' dir='ltr'><strong>sito¹)</strong></span> <span class='ocrx_word' id='word_1_284' title='bbox 204 3748 285 3790; x_wconf 89' lang='lat' dir='ltr'><strong>usum</strong></span> <span class='ocrx_word' id='word_1_285' title='bbox 312 3733 389 3790; x_wconf 89' lang='lat' dir='ltr'><strong>inter</strong></span> <span class='ocrx_word' id='word_1_286' title='bbox 415 3733 580 3806; x_wconf 88' lang='lat' dir='ltr'><strong>pn&#39;usquam</strong></span> <span class='ocrx_word' id='word_1_287' title='bbox 608 3737 639 3789; x_wconf 93' lang='lat' dir='ltr'><strong>et</strong></span> <span class='ocrx_word' id='word_1_288' title='bbox 666 3737 820 3805; x_wconf 89' lang='lat' dir='ltr'><strong>antequam</strong></span> <span class='ocrx_word' id='word_1_289' title='bbox 848 3748 937 3804; x_wconf 90' lang='lat' dir='ltr'><strong>aeque</strong></span> <span class='ocrx_word' id='word_1_290' title='bbox 964 3737 1155 3804; x_wconf 89' lang='lat' dir='ltr'><strong>temperatum</strong></span> <span class='ocrx_word' id='word_1_291' title='bbox 1182 3733 1321 3793; x_wconf 91' lang='lat' dir='ltr'><strong>videmus.</strong></span> 
     </span>
     <span class='ocr_line' id='line_1_33' title="bbox 95 3839 1323 3918; baseline 0.001 -18"><span class='ocrx_word' id='word_1_292' title='bbox 95 3841 196 3901; x_wconf 84' lang='lat' dir='ltr'><strong>Cicero</strong></span> <span class='ocrx_word' id='word_1_293' title='bbox 225 3849 377 3916; x_wconf 89' lang='lat' dir='ltr'><strong>antequam</strong></span> <span class='ocrx_word' id='word_1_294' title='bbox 401 3844 515 3916; x_wconf 92' lang='lat' dir='ltr'><strong>saepius</strong></span> <span class='ocrx_word' id='word_1_295' title='bbox 542 3860 695 3918; x_wconf 86' lang='lat' dir='ltr'><strong>usurpasse</strong></span> <span class='ocrx_word' id='word_1_296' title='bbox 718 3843 834 3901; x_wconf 91' lang='lat' dir='ltr'><strong>videtur</strong></span> <span class='ocrx_word' id='word_1_297' title='bbox 859 3859 944 3914; x_wconf 84' lang='lat' dir='ltr'><strong>quarn</strong></span> <span class='ocrx_word' id='word_1_298' title='bbox 969 3843 1143 3916; x_wconf 88' lang='lat' dir='ltr'><strong>priusquam.</strong></span> <span class='ocrx_word' id='word_1_299' title='bbox 1188 3839 1323 3901; x_wconf 76' lang='lat' dir='ltr'><strong>Caesaris</strong></span> 
     </span>
     <span class='ocr_line' id='line_1_34' title="bbox 92 3948 1322 4029; baseline 0.002 -19"><span class='ocrx_word' id='word_1_300' title='bbox 92 3954 227 4011; x_wconf 91' lang='lat' dir='ltr'><strong>inlibris</strong></span> <span class='ocrx_word' id='word_1_301' title='bbox 250 3960 402 4027; x_wconf 88' lang='lat' dir='ltr'><strong>antequam</strong></span> <span class='ocrx_word' id='word_1_302' title='bbox 426 3971 504 4024; x_wconf 86' lang='lat' dir='ltr'><strong>raro,</strong></span> <span class='ocrx_word' id='word_1_303' title='bbox 531 3951 660 4012; x_wconf 87' lang='lat' dir='ltr'><strong>Sallustii</strong></span> <span class='ocrx_word' id='word_1_304' title='bbox 681 3949 867 4028; x_wconf 80' lang='lat' dir='ltr'><strong>rarissime‚&#39;²)</strong></span> <span class='ocrx_word' id='word_1_305' title='bbox 890 3950 1016 4021; x_wconf 83' lang='lat' dir='ltr'><strong>Cornelii</strong></span> <span class='ocrx_word' id='word_1_306' title='bbox 1038 3948 1185 4029; x_wconf 82' lang='lat' dir='ltr'><strong>Nepotis³)</strong></span> <span class='ocrx_word' id='word_1_307' title='bbox 1209 3955 1322 4012; x_wconf 86' lang='lat' dir='ltr'><strong>omnino</strong></span> 
     </span>
     <span class='ocr_line' id='line_1_35' title="bbox 92 4064 1323 4140; baseline 0.002 -18"><span class='ocrx_word' id='word_1_308' title='bbox 92 4082 151 4123; x_wconf 87' lang='lat' dir='ltr'><strong>non</strong></span> <span class='ocrx_word' id='word_1_309' title='bbox 173 4066 328 4125; x_wconf 89' lang='lat' dir='ltr'><strong>invenitur.</strong></span> <span class='ocrx_word' id='word_1_310' title='bbox 362 4064 446 4140; x_wconf 84' lang='lat' dir='ltr'><strong>Apud</strong></span> <span class='ocrx_word' id='word_1_311' title='bbox 462 4065 572 4124; x_wconf 91' lang='lat' dir='ltr'><strong>Livium</strong></span> <span class='ocrx_word' id='word_1_312' title='bbox 596 4070 749 4138; x_wconf 86' lang='lat' dir='ltr'><strong>antequam</strong></span> <span class='ocrx_word' id='word_1_313' title='bbox 772 4082 859 4140; x_wconf 89' lang='lat' dir='ltr'><strong>saepe</strong></span> <span class='ocrx_word' id='word_1_314' title='bbox 881 4065 1016 4135; x_wconf 80' lang='lat' dir='ltr'><strong>occurrit,</strong></span> <span class='ocrx_word' id='word_1_315' title='bbox 1039 4065 1090 4122; x_wconf 91' lang='lat' dir='ltr'><strong>sed</strong></span> <span class='ocrx_word' id='word_1_316' title='bbox 1104 4066 1193 4123; x_wconf 91' lang='lat' dir='ltr'><strong>multo</strong></span> <span class='ocrx_word' id='word_1_317' title='bbox 1209 4067 1323 4140; x_wconf 89' lang='lat' dir='ltr'><strong>saepius</strong></span> 
     </span>
    </p>
   </div>
   <div class='ocr_carea' id='block_1_8' title="bbox 226 4281 1378 4525">
    <p class='ocr_par' dir='ltr' id='par_1_12' title="bbox 226 4281 1378 4525">
     <span class='ocr_line' id='line_1_36' title="bbox 227 4281 741 4352; baseline 0.002 -19"><span class='ocrx_word' id='word_1_318' title='bbox 227 4281 281 4335; x_wconf 84' lang='lat' dir='ltr'><strong>Cir.</strong></span> <span class='ocrx_word' id='word_1_319' title='bbox 301 4281 524 4338; x_wconf 81' lang='lat' dir='ltr'><strong>Schoendoerfer.</strong></span> <span class='ocrx_word' id='word_1_320' title='bbox 542 4285 560 4336; x_wconf 93' lang='lat' dir='ltr'><strong>l.</strong></span> <span class='ocrx_word' id='word_1_321' title='bbox 573 4284 590 4337; x_wconf 94' lang='lat' dir='ltr'><strong>l.</strong></span> <span class='ocrx_word' id='word_1_322' title='bbox 609 4300 670 4352; x_wconf 87' lang='lat' dir='ltr'><strong>pag.</strong></span> <span class='ocrx_word' id='word_1_323' title='bbox 684 4282 741 4335; x_wconf 79' lang='grc'><strong>645.</strong></span> 
     </span>
     <span class='ocr_line' id='line_1_37' title="bbox 226 4366 1378 4439; baseline 0.01 -20"><span class='ocrx_word' id='word_1_324' title='bbox 226 4366 281 4420; x_wconf 78' lang='lat' dir='ltr'><strong>Ofr.</strong></span> <span class='ocrx_word' id='word_1_325' title='bbox 299 4367 429 4436; x_wconf 84' lang='lat' dir='ltr'><strong>Draeger.</strong></span> <span class='ocrx_word' id='word_1_326' title='bbox 448 4370 465 4423; x_wconf 93' lang='lat' dir='ltr'><strong>l.</strong></span> <span class='ocrx_word' id='word_1_327' title='bbox 478 4370 496 4423; x_wconf 91' lang='lat' dir='ltr'><strong>l.</strong></span> <span class='ocrx_word' id='word_1_328' title='bbox 514 4387 576 4439; x_wconf 80' lang='lat' dir='ltr'><strong>pag.</strong></span> <span class='ocrx_word' id='word_1_329' title='bbox 590 4370 647 4422; x_wconf 83' lang='lat'><strong>617.</strong></span> <span class='ocrx_word' id='word_1_330' title='bbox 1376 4427 1378 4431; x_wconf 48' lang='lat'><strong>.</strong></span> 
     </span>
     <span class='ocr_line' id='line_1_38' title="bbox 226 4452 1322 4525; baseline 0.001 -20"><span class='ocrx_word' id='word_1_331' title='bbox 226 4453 281 4507; x_wconf 78' lang='lat' dir='ltr'><strong>cfr.</strong></span> <span class='ocrx_word' id='word_1_332' title='bbox 300 4453 401 4524; x_wconf 88' lang='lat' dir='ltr'><strong>Lupus.</strong></span> <span class='ocrx_word' id='word_1_333' title='bbox 437 4455 494 4508; x_wconf 91' lang='lat' dir='ltr'><strong>Der</strong></span> <span class='ocrx_word' id='word_1_334' title='bbox 512 4453 757 4525; x_wconf 82' lang='lat' dir='ltr'><strong>Sprachgebrauch</strong></span> <span class='ocrx_word' id='word_1_335' title='bbox 775 4453 823 4506; x_wconf 90' lang='lat' dir='ltr'><strong>des</strong></span> <span class='ocrx_word' id='word_1_336' title='bbox 842 4452 984 4507; x_wconf 83' lang='lat' dir='ltr'><strong>Cornelius</strong></span> <span class='ocrx_word' id='word_1_337' title='bbox 1003 4453 1101 4523; x_wconf 87' lang='lat' dir='ltr'><strong>Nepos.</strong></span> <span class='ocrx_word' id='word_1_338' title='bbox 1134 4454 1229 4508; x_wconf 90' lang='lat' dir='ltr'><strong>Berlin</strong></span> <span class='ocrx_word' id='word_1_339' title='bbox 1248 4455 1322 4507; x_wconf 85' lang='grc'><strong>1876.</strong></span> 
     </span>
    </p>
   </div>
   <div class='ocr_carea' id='block_1_9' title="bbox 1140 4625 1175 4675">
    <p class='ocr_par' dir='ltr' id='par_1_13' title="bbox 1140 4625 1175 4675">
     <span class='ocr_line' id='line_1_39' title="bbox 1140 4625 1175 4675; baseline 0 -22"><span class='ocrx_word' id='word_1_340' title='bbox 1140 4625 1175 4675; x_wconf 45' lang='grc' dir='ltr'><strong>λλ</strong></span> 
     </span>
    </p>
   </div>
   <div class='ocr_carea' id='block_1_10' title="bbox 0 0 1430 4808">
    <p class='ocr_par' dir='ltr' id='par_1_14' title="bbox 0 0 1430 4808">
     <span class='ocr_line' id='line_1_40' title="bbox 0 0 1430 4808; baseline 0 2"><span class='ocrx_word' id='word_1_341' title='bbox 0 0 1430 4808; x_wconf 95' lang='lat' dir='ltr'><strong> </strong></span> 
     </span>
    </p>
   </div>
  </div>
 </body>
</html>
