2850 4808
634 193 840 250 ..35-

121 377 324 456 priusquam.¹)
369 380 479 438 lleinde
502 386 655 452 antequam
679 379 766 451 uulgo
788 381 876 438 latius
901 387 983 454 patet
1006 387 1036 438 et
1057 384 1132 455 apud
1154 382 1284 441 Tacitum
1309 390 1355 443 est

122 494 210 551 multo
232 488 438 566 frequentius2)
461 508 545 564 quam
573 492 749 564 priusquam.
799 491 900 565 ltaque
928 497 1082 565 antequam
1105 496 1236 567 superius
1260 495 1352 553 disee·

123 604 194 661 dens
216 605 246 661 in
268 604 384 674 linguas
406 603 535 660 novieias
558 602 682 661 transiit.

209 730 243 789 ln
265 730 392 789 Vitruvii
419 732 501 789 libris
527 732 692 803 priusquam
714 732 772 801 bis.
801 737 955 806 antequam
977 734 1072 792 decies
1100 735 1195 792 sexies
1218 736 1353 795 occurrit.

122 843 165 902 Ac
187 844 309 916 primum
332 843 367 900 dc
381 842 418 899 iis
433 859 555 913 agamus
570 843 719 916 exemplis,
742 860 860 917 quorum
876 849 921 902 est
938 861 1052 905 sensus:
1077 850 1232 918 antequam
1248 844 1353 920 (prius-

122 955 220 1028 quam)
248 955 372 1012 alterum
397 953 450 1010 fiat
477 954 524 1012 vel
550 954 657 1012 factum
685 954 738 1025 sit,
773 957 896 1013 alterum
922 956 986 1013 fieri
1012 957 1104 1014 solere
1131 957 1180 1016 uel
1209 961 1353 1030 oportere.

122 1065 300 1124 Indicativus
322 1066 483 1139 praesentis
505 1070 570 1138 post
590 1065 656 1122 illas
678 1067 892 1125 coniunctiones
914 1068 1023 1141 positus
1045 1068 1169 1140 legitur:

211 1172 299 1239 ‘226‚2
320 1170 360 1222 ita
382 1173 451 1237 quot
471 1169 612 1222 mensibus
635 1170 686 1222 sub
708 1173 797 1223 rotam
817 1172 881 1225 solis
899 1171 1045 1241 radiosque
1069 1190 1123 1226 uno
1142 1172 1187 1226 die
1205 1178 1355 1242 antequam

122 1274 255 1344 praeterit
272 1274 361 1326 latens
374 1273 545 1341 obscuratur,
564 1291 626 1326 cum
639 1278 681 1326 est
694 1292 756 1326 curu
770 1273 834 1342 sole,
852 1292 924 1327 nova
936 1280 1057 1329 vocatur.
1085 1270 1223 1332 Similiter
1239 1275 1290 1344 41,
1305 1276 1356 1335 26.

150 1438 152 1443 ,
208 1381 334 1441 l‘eriecti
362 1382 450 1454 logici
478 1382 652 1440 indicativus
674 1400 829 1455 suspensus
852 1389 897 1440 est
920 1386 970 1453 bb,
986 1388 1038 1443 11:
1071 1405 1104 1440 ex
1128 1405 1161 1440 ea
1182 1388 1230 1455 (sc.
1254 1387 1359 1456 abiete)

123 1494 215 1542 autem
234 1492 381 1555 antequam
400 1492 442 1539 est
460 1487 551 1539 excisa
570 1504 640 1554 quae
658 1506 721 1556 pars
740 1492 782 1540 est
794 1488 920 1556 proxima
933 1492 1022 1542 terrae
1034 1507 1083 1558 per
1095 1490 1202 1544 radices
1218 1489 1359 1560 recipiens

123 1602 157 1637 ex
175 1583 353 1653 proximitate
371 1598 495 1634 umorem
514 1581 608 1635 enodis
627 1586 655 1635 et
673 1583 779 1651 liquida
796 1583 923 1636 efficitur.

210 1700 349 1759 Futurum
375 1701 499 1772 primum
534 1718 551 1757 a
578 1701 741 1773 priusquam
769 1718 936 1773 suspensum
963 1702 1109 1759 obsoletae
1136 1703 1275 1761 vetustati
1302 1704 1357 1761 tri·

124 1814 231 1872 buitur.
277 1811 369 1886 Quam
391 1828 452 1868 rem
475 1810 618 1869 Antonius
641 1813 773 1884 exposuit
799 1813 829 1869 in
852 1813 975 1884 egregia
996 1813 1047 1870 illa
1069 1813 1283 1883 dissertatione,
1311 1816 1360 1872 oui

124 1924 283 1997 inscripsit:
314 1920 558 1994 Beobaehtungen
585 1924 657 1981 iiber
684 1923 730 1980 die
753 1919 956 1981 Constmction
982 1924 1034 1981 der
1061 1924 1252 1982 lateinisches
1277 1923 1359 1983 Zeit-

123 2036 270 2109 partikelu
291 2039 445 2105 antequam
467 2033 526 2091 und
547 2034 723 2106 priusquam.
747 2032 861 2108 (1111111
878 2034 983 2109 1871).
1017 2033 1072 2108 Qui
1088 2036 1135 2094 vir
1149 2035 1250 2093 doetus
1268 2052 1360 2094 unum

124 2147 203 2215 illud,
226 2145 300 2217 quod
315 2145 454 2203 traditum
477 2150 521 2202 est
536 2146 611 2218 apud
626 2143 794 2203 Ciceronem
815 2147 975 2219 exemplum
996 2148 1100 2216 (parad.
1119 2147 1167 2203 VI.
1188 2148 1211 2216 1,
1223 2147 1265 2202 45.
1286 2153 1361 2203 ante-

124 2277 208 2328 quam
231 2301 236 2311 .
257 2302 261 2311 .
283 2301 287 2311 .
308 2300 313 2312 .
337 2257 499 2326 reficietur),
529 2256 732 2328 corrigendum
762 2274 824 2314 esse
851 2257 963 2317 statuit.
1009 2255 1089 2333 (Vult
1120 2259 1196 2315 enim
1228 2258 1359 2317 futurum

124 2369 230 2426 mutari
263 2369 293 2424 in
326 2368 537 2426 coniunctivum
569 2366 755 2442 praesentis.)
811 2366 910 2440 Neque
943 2369 1019 2442 apud
1055 2369 1164 2442 priscos
1200 2370 1358 2443 scriptores

125 2480 256 2553 exempla
277 2479 465 2537 inveniuntur
486 2478 541 2535 nisi
557 2479 641 2537 haec:
666 2477 761 2539 Plaut.
779 2478 880 2539 Pseud.
898 2479 969 2539 524.
987 2475 1092 2556 81153).
1125 2475 1243 2538 011111
1263 2481 1357 2554 agric.

127 2593 176 2661 60,
195 2592 223 2650 8.
260 2585 481 2664 82,10‚13⁴)‚

210 2718 319 2792 Quibus
342 2719 480 2793 exemplis
502 2719 680 2792 paucissimis
703 2718 776 2777 adde
798 2721 851 2778 hoc
870 2717 1011 2779 Vitruvii:

213 2825 270 2892 los,
284 2825 317 2875 10
335 2840 398 2876 cum
417 2827 510 2877 autem
523 2823 630 2878 coronis
643 2825 795 2893 praecincti
807 2824 926 2895 parietes
939 2827 1028 2893 erunt,
1047 2842 1100 2877 vox
1114 2825 1148 2878 ab
1161 2825 1231 2894 imis,
1250 2831 1360 2880 morata

124 2919 285 2989 priusquam
304 2919 333 2970 in
351 2936 415 2972 aera
433 2919 506 2972 elata
523 2919 711 2988 dissipabitur,
730 2920 842 2973 auribus
861 2921 914 2974 erit
931 2921 1081 2974 intellecta.
1124 2947 1127 2954 ·

213 3036 353 3110 Apodosis
377 3042 422 3094 est
444 3038 474 3093 in
495 3037 647 3110 participio
674 3043 786 3094 morata
808 3069 843 3080 -
869 3040 913 3096 cui
932 3055 1103 3111 quamquam
1125 3039 1214 3096 habet
1235 3040 1361 3111 perfecti

127 3149 262 3219 formam,
290 3149 380 3206 futuri
408 3147 546 3220 temporis
571 3148 716 3205 notionem
743 3149 837 3206 inesse
864 3154 996 3223 apparet.
1045 3148 1147 3222 ltaque
1169 3148 1362 3222 dissipabitur

125 3261 254 3318 futurum
277 3260 353 3318 haud
375 3261 433 3317 scio
457 3277 494 3317 an
517 3259 641 3332 positum
663 3259 715 3328 sit,
742 3276 778 3316 ne
802 3265 862 3317 toto
884 3261 915 3318 in
938 3261 1087 3319 enuntiato
1106 3291 1135 3301 -
1159 3260 1359 3321 antecedenti·

124 3372 178 3428 bus
200 3372 321 3444 perfecti
344 3371 453 3444 passivi
475 3370 649 3443 participiis:
673 3375 794 3440 morata,
819 3372 897 3428 elata
918 3403 954 3412 -
979 3372 1106 3430 futurum
1128 3377 1255 3445 tempus,
1283 3373 1361 3447 quod

125 3497 211 3539 sensu
235 3482 401 3554 requiritur,
427 3482 617 3542 desideretur.

211 3590 350 3649 Futurum
373 3600 507 3651 exactum
529 3594 574 3650 his
597 3595 694 3652 estin
716 3594 866 3668 exemplis:

212 3697 269 3765 165,
283 3697 316 3748 14
342 3696 370 3748 id
389 3701 481 3750 autem
500 3698 657 3768 eritream,
680 3700 703 3752 si
721 3700 834 3768 glaebae
853 3699 935 3754 calcis
958 3699 1079 3768 optimae
1102 3703 1166 3754 ante
1187 3699 1275 3753 multo
1293 3701 1362 3755 tem·

125 3808 192 3860 pore
211 3808 293 3859 quam
312 3809 380 3859 opus
398 3791 483 3845 fucrit
500 3795 722 3861 macerabuntur,
741 3793 782 3846 uti
801 3811 823 3847 e.
836 3811 862 3862 q.
876 3812 896 3848 s.
933 3794 1004 3847 Item
1024 3794 1134 3862 185‚.19.

211 3906 330 3981 Saepius
353 3926 437 3981 quam
459 3910 642 3981 indicativus,
667 3929 721 3985 quo
744 3930 822 3970 mere
845 3912 1031 3985 temporalem
1052 3912 1200 3985 utriusque
1216 3912 1363 3972 enunuati

217 4169 239 4237 ¹)
259 4168 313 4222 (lsr.
333 4168 484 4220 Kuehnast.
504 4169 521 4221 l.
535 4170 551 4221 1.
571 4186 632 4237 pag.
646 4171 703 4222 239.

214 4256 238 4324 2)
258 4254 312 4308 1111.
332 4254 461 4322 llraegor.
484 4254 549 4307 ibid.

215 4343 239 4409 ³)
259 4340 313 4395 Cfr.
339 4341 438 4409 Lange.
466 4340 499 4392 do
527 4342 726 4393 sententiarum
755 4341 949 4410 temporalium
977 4340 1051 4410 apud
1082 4341 1187 4409 priseos
1213 4340 1362 4412 scriptores

127 4427 186 4481 Lat.
207 4427 322 4496 syntaxi.
359 4427 474 4480 Breslau
497 4428 569 4479 1878.
607 4445 668 4496 prag.
682 4428 723 4480 31.

216 4514 311 4580 4)1)1“1·,
332 4513 555 4567 Schoendoersor.
575 4513 591 4565 l.
605 4514 621 4566 1.
641 4531 701 4582 pag.
716 4515 756 4567 iii).
