2850 4808
626 238 813 294 ..7-

189 429 318 489 Eandem
341 431 376 486 ob
403 443 520 486 causam
541 442 597 483 non
623 425 806 494 mirabimur,
834 425 909 497 quod
930 426 961 483 in
982 425 1109 485 Vitruvii
1135 426 1218 485 libris
1244 427 1335 486 multa

104 541 359 616 deprehenduntur
385 539 421 597 de
444 555 574 596 sermone
597 538 714 610 vulgari
736 541 858 611 sumpta.
902 536 1002 611 Neque
1031 539 1107 596 enim
1133 545 1167 598 ut
1194 542 1277 599 homo
1305 541 1336 598 in

105 654 225 712 dicendo
248 652 480 725 elegantissimus
500 650 590 708 libros
612 650 784 722 composuit,
807 650 858 707 sed
881 654 914 707 ut
928 650 1104 709 architectus
1127 669 1161 710 eo
1183 668 1251 710 usus
1273 669 1334 710 ser-

105 782 202 835 mone,
225 782 309 838 quem
330 780 384 821 usu
406 762 551 820 cotidiano
573 765 604 819 et
625 761 830 819 consuetudine
853 763 1040 819 constitutum
1062 764 1200 823 habebat.

188 875 287 934 Tertia
309 876 364 933 huc
386 873 543 932 referenda
565 878 609 931 est
628 872 793 945 proprietas
808 874 949 930 sermonis
964 872 1141 935 Vitruviani.
1184 875 1335 936 Vitruvius

102 1006 165 1047 cum
188 992 265 1046 esset
287 987 478 1055 architectus,
504 983 601 1042 facere
627 1001 684 1041 non
710 984 817 1057 potuit,
846 984 914 1058 quin
943 985 1037 1042 studio
1065 1002 1096 1043 se
1125 986 1210 1045 daret
1237 999 1334 1046 exem*

102 1101 214 1173 plorum
239 1095 431 1167 Graecorum,
466 1112 529 1154 cum
555 1112 612 1153 non
639 1096 731 1153 solum
764 1096 978 1154 architecturae
1005 1113 1073 1154 usus
1100 1097 1131 1154 in
1157 1095 1335 1157 Graecorum

102 1210 265 1284 praeceptis
291 1215 370 1268 esset
395 1209 519 1282 positus,
538 1206 603 1264 ‘sed
630 1207 720 1265 etiam
742 1207 776 1264 de
800 1208 930 1265 omnihus
953 1209 1165 1266 architecturae
1191 1210 1333 1283 partibus,

102 1339 172 1394 quas
198 1320 350 1380 Vitruvius
377 1320 405 1378 ei
432 1319 490 1377 arti
517 1318 687 1375 tribuendas
714 1334 778 1376 esse
809 1319 922 1376 censuit
954 1316 1002 1393 (ci.
1018 1337 1046 1392 p.
1066 1320 1104 1377 15
1120 1318 1187 1396 sa),
1220 1321 1288 1378 libri
1316 1340 1334 1379 a

102 1430 222 1492 Graecis
257 1432 406 1506 compositi
439 1430 630 1510 abundarent.
675 1428 785 1503 Quibus
813 1446 828 1486 e
856 1429 985 1487 fontibus
1013 1429 1178 1489 Vitruvium
1210 1433 1334 1504 plurima

100 1545 242 1614 hausisse,
266 1549 297 1602 et
310 1543 372 1616 ipse
388 1542 461 1600 dixit
475 1546 505 1599 at
520 1558 556 1599 ex
571 1558 624 1599 usu
638 1539 773 1614 loquendi
793 1557 880 1613 saepe
900 1543 1035 1612 cognosci
1049 1547 1155 1614 potest.
1190 1542 1271 1617 Quae
1286 1561 1334 1602 res

101 1656 219 1713 uberius
241 1654 395 1713 tractanda
417 1657 462 1712 est
487 1653 625 1711 inferiore
652 1653 728 1722 loco;
756 1655 810 1711 hoc
839 1653 901 1710 loco
929 1653 1146 1725 dispositionem
1171 1655 1334 1714 institutam

103 1783 280 1840 persequens
306 1766 379 1824 satis
405 1764 498 1824 haheo
524 1765 596 1822 haec
624 1765 733 1824 dicere:
780 1763 845 1823 Non
873 1765 1055 1835 mirabimur,
1083 1767 1159 1838 quod
1184 1766 1335 1826 Vitruvius

101 1879 132 1936 in
155 1877 274 1936 dicendo
297 1894 384 1950 saepe
404 1873 582 1935 Graecorum
603 1875 803 1934 consuetudini
825 1877 977 1934 obsecutus
999 1881 1053 1946 est,
1075 1879 1249 1950 praesertim
1270 1896 1335 1938 cum

100 1990 312 2048 meminerimus
327 2005 364 2046 ex
386 2003 420 2046 eo
441 1992 572 2060 tempore
594 1987 683 2059 vulgo
705 1987 813 2045 factum
836 2004 913 2056 esse,
936 1992 968 2044 ut
990 1988 1145 2062 scriptores
1160 1987 1257 2047 Latini
1272 2007 1332 2048 ser·

99 2102 191 2159 monis
219 2100 386 2159 castitatem
416 2103 502 2171 atque
530 2097 732 2170 integritatem
758 2115 776 2155 a
807 2093 983 2156 Graecorum
1009 2100 1214 2157 consuetudine
1240 2102 1334 2159 minus
1398 2128 1401 2133 ’

100 2216 269 2270 constanter
289 2210 488 2269 defenderent.

186 2320 226 2380 lis
253 2321 413 2380 rationibus
434 2319 589 2394 propositis
611 2318 777 2378 Vitruviani
792 2321 932 2378 sermonis
960 2322 1151 2393 cognoscendi
1175 2324 1331 2396 aggredia-

99 2451 164 2491 mur
186 2433 223 2491 ad
246 2433 397 2491 enuntiata
425 2431 610 2504 temporalia,
639 2432 674 2488 de
701 2432 803 2504 quibus
831 2449 916 2505 quam
942 2434 1158 2492 accuratissime
1188 2435 1332 2495 disserere

99 2545 181 2602 nobis
203 2549 249 2602 est
270 2544 455 2618 propositum.
499 2541 543 2600 Ac
564 2543 688 2616 primum
710 2542 746 2600 de
768 2543 982 2606 coniunctione:

678 2669 763 2718 bum

97 2767 328 2836 dicendumst,
352 2767 432 2825 cuius
458 2767 666 2825 coniunctionis
687 2783 756 2824 usus
778 2784 842 2824 cum
865 2768 940 2839 apud
963 2785 1060 2825 onmes
1082 2770 1248 2841 scriptores,
1271 2775 1332 2828 tum

95 2880 126 2935 in
152 2877 280 2938 Vitruvii
301 2878 384 2936 libris
405 2878 493 2949 longe
514 2878 659 2935 latissime
681 2882 773 2951 patet.
817 2874 874 2935 Sed
896 2882 928 2935 ut
950 2878 986 2935 de
1008 2879 1122 2952 ingenti
1138 2882 1332 2953 exemplorum

97 2990 180 3062 eopia
201 2989 340 3062 disposite
363 2989 490 3058 dicatur,
520 2988 620 3046 ordine
648 2994 760 3061 sumpto
784 2989 819 3046 de
847 2991 1023 3062 temporibus
1050 3008 1068 3047 a
1095 3007 1158 3048 cum
1185 2993 1331 3064 suspensis

94 3101 218 3172 primum
240 3117 330 3172 agere
351 3100 440 3158 liceat
462 3100 497 3157 de
520 3104 675 3172 praesente
699 3105 729 3157 et
750 3100 878 3172 periecto
901 3101 994 3172 logico
1016 3101 1183 3172 indicativi,
1211 3107 1272 3160 tum
1295 3104 1330 3162 de

95 3210 211 3280 futuris,
233 3217 295 3269 tum
317 3211 353 3268 de
374 3214 529 3285 praesente
553 3215 583 3267 et
604 3210 733 3282 periecto
756 3211 939 3280 coniunctivi,
968 3212 1071 3270 deinde
1094 3213 1129 3270 de
1151 3214 1329 3287 imperiecm,

96 3321 224 3395 perfecto
246 3323 394 3393 historico,
422 3323 702 3396 plusquamperfecto
724 3323 885 3393 indicativi,
909 3322 1031 3397 denique
1054 3323 1089 3381 de
1110 3324 1277 3397 imperfecto
1301 3331 1331 3383 et

96 3432 375 3506 plusquamperfecto
391 3434 576 3494 coniunctivi.
611 3433 691 3508 Quae
714 3438 873 3507 temporum
896 3434 1043 3506 dispositio
1066 3436 1168 3508 quibus
1191 3453 1227 3493 ex
1250 3437 1328 3509 cogi-

95 3543 253 3602 tationibus
274 3544 405 3618 profecta
427 3545 474 3615 sit,
497 3545 671 3618 procedente
694 3545 889 3617 disputatione
913 3546 1047 3605 elucebit.

179 3651 236 3713 Sed
262 3656 429 3728 priusquam
456 3656 493 3714 ad
519 3656 635 3729 singula
662 3656 844 3725 accedamus,
879 3656 910 3713 in
938 3658 1105 3715 uuiversum
1134 3676 1257 3730 agamus
1293 3660 1329 3717 de

93 3767 252 3825 enuntiatis
278 3767 320 3824 ita
343 3767 514 3837 coniunctis,
543 3772 575 3824 ut
601 3784 620 3824 a
646 3784 709 3824 cum
729 3767 928 3824 coniunctione
950 3768 1102 3827 indicativi
1124 3771 1171 3828 vel
1191 3788 1329 3843 praeseus

93 3877 141 3934 vel
162 3877 323 3950 perlectum
344 3877 470 3950 logicum
493 3877 539 3936 vel
567 3877 695 3935 futurum
722 3878 845 3950 primum
867 3877 916 3936 vel
938 3878 1062 3937 alterum
1089 3882 1127 3938 sit
1149 3898 1327 3954 suspensum.

93 3983 200 4046 Omnia
222 3989 299 4046 enim
321 3990 459 4047 eiusmodi
486 3989 619 4062 exempla
646 3988 865 4061 significationis
892 3991 1066 4062 cognatione
1093 3993 1171 4050 inter
1197 4010 1228 4051 se
1258 4010 1325 4051 con-

92 4099 224 4158 tinentur
244 4100 336 4174 iisque
364 4101 395 4157 in
420 4101 559 4160 librorum
584 4101 716 4173 partibus
743 4101 946 4171 inveniuntur,
982 4103 1031 4160 ubi
1059 4103 1095 4161 de
1122 4105 1224 4175 rebus,
1253 4122 1327 4178 quae

93 4209 130 4268 ad
151 4210 377 4269 architecturam
403 4212 565 4284 pertinent,
593 4215 750 4285 praecepta
781 4211 889 4270 dantur
916 4217 967 4271 aut
997 4215 1160 4272 sententiae
1192 4233 1229 4274 ex
1255 4217 1328 4274 artis

92 4335 146 4379 usn
167 4323 309 4380 communi
330 4322 477 4396 profectae
499 4323 731 4397 pronuntiantur.
776 4319 833 4381 Sed
856 4326 1021 4384 accuratius
1042 4328 1243 4400 inquiramus,¹
1257 4329 1325 4400 quid

90 4430 141 4490 illo
163 4432 305 4491 dictorum
327 4450 435 4505 genere
457 4433 651 4505 significetur,
680 4450 753 4507 quae
776 4450 827 4491 nos
855 4435 970 4507 quidem
991 4439 1137 4509 particula
1159 4437 1327 4512 (jedcsmall

90 4558 178 4600 wenn
200 4544 378 4617 coniungere
400 4545 533 4606 solemus.
