2850 4808
603 196 810 255 ,91-

147 384 279 465 attactui,
301 386 420 445 nonum
447 390 581 445 exactum
609 384 820 458 quinquaginta
851 384 913 441 fere
939 384 1018 443 locis.
1064 381 1135 441 tium
1161 392 1257 443 autem
1286 402 1321 443 ea

147 478 264 573 utriusque
280 498 376 571 voucrb
403 496 542 571 exempla
561 501 781 570 comparantur,
810 502 933 569 apparet
958 495 988 552 in
1014 496 1145 568 plurimis
1172 499 1322 571 utriusque

148 611 238 669 iciuraa
252 610 372 669 iiouinen
392 608 448 669 vix
468 608 641 683 persentiaci
662 623 756 680 posse.
801 606 941 680 Exempla
962 622 1037 680 pono
1059 608 1144 667 haec:

220 732 266 769 uu
277 714 308 769 uu
320 714 367 769 erit
383 714 495 769 rustum
511 744 546 753 -
563 714 605 781 aa,
616 714 659 767 a1.
687 714 745 781 1oo,
759 714 799 766 12.

274 810 305 863 on
317 808 419 863 iactum
438 808 575 861 inerit-
593 808 689 876 2112.
718 809 776 874 137,
788 809 812 860 4.
842 808 900 873 loa,
915 808 953 859 19.

211 924 253 987 tu
266 934 350 987 tamon
369 932 441 985 aunt
459 926 526 995 loci,
548 926 651 1001 quibus
670 927 810 1000 probetur
829 926 914 985 huius
935 941 1046 1000 quoque
1061 929 1200 999 temporis
1215 929 1323 988 formas

146 1040 183 1097 ita
197 1038 305 1111 eunucu
321 1038 443 1099 voluisse
465 1036 643 1105 Vitruvium,
671 1042 704 1094 ut
731 1038 814 1095 verbi
844 1038 1020 1095 substantivi
1048 1038 1173 1097 tutorum
1201 1042 1322 1113 priimum

147 1150 222 1223 magio
236 1154 321 1223 spcact
338 1150 378 1207 ad
398 1149 445 1207 rei
467 1148 589 1207 abcuius
610 1148 727 1207 futurae
750 1154 867 1215 statum,
890 1148 1018 1205 t'uturmu
1035 1156 1166 1208 excretum
1182 1153 1219 1209 acl
1234 1154 1323 1225 ipsius

144 1260 226 1333 prior'a
238 1260 340 1319 actionis
362 1260 506 1319 affectum.

204 1384 318 1447 Conium
338 1388 493 1447 enuntiata
514 1404 587 1462 quae
610 1394 691 1448 sunt:

204 1494 289 1563 ΜΒ
303 1494 355 1547 hoo
372 1496 475 1562 antem,
494 1493 551 1547 sive
567 1494 651 1562 plana
669 1498 711 1545 est
730 1510 801 1561 aqua
820 1513 866 1546 seu
886 1496 1069 1563 sphaeroides,
1091 1516 1202 1549 ireeesso
1220 1504 1269 1562 cst,
1289 1501 1321 1552 ari

136 1592 232 1641 cubant
247 1590 331 1659 capita
350 1588 450 1643 dextra
472 1604 505 1641 ac
527 1587 639 1642 sinistra
661 1606 724 1641 cuin
747 1589 848 1642 librata
870 1590 966 1654 copula
988 1592 1041 1643 erit
1063 1593 1167 1659 paritor
1190 1596 1324 1647 sustinere

136 1682 345 1753 rachinam·

200 1778 257 1831 tbi
278 1778 344 1833 item
366 1794 400 1831 eo
423 1776 571 1831 chorobate
592 1794 655 1829 cum
678 1778 859 1845 perlibratum
884 1779 922 1831 ita
944 1780 1041 1846 iuverit,
1065 1782 1167 1834 scietur
1190 1792 1323 1851 quioniam

134 1870 351 1943 babuauitimtigii.

196 1986 243 2049 too
265 2006 326 2049 cum
352 1989 518 2049 accuratius
543 1990 625 2047 nobis
656 1991 799 2060 ageiulum
828 1992 866 2048 sit
894 1992 929 2047 vlo
956 1994 1045 2050 buturi
1073 1996 1167 2052 excocti
1190 2012 1257 2061 usu,
1287 2000 1324 2056 ad

128 2100 237 2171 anubin
252 2102 461 2161 enuntiatorum
483 2076 591 2158 toimas
613 2101 798 2173 explicandas
820 2108 1018 2171 transeamus,
1043 2112 1075 2162 ut
1097 2107 1199 2165 redeat
1221 2112 1323 2179 oratio,

132 2210 196 2269 uuio
212 2212 353 2275 aborrivit.

196 2320 233 2383 At
247 2326 369 2399 primum
395 2330 503 2397 agatur
525 2324 560 2381 de
587 2324 623 2381 iis
650 2325 822 2395 enuntiatis,
851 2326 880 2382 in
908 2328 1010 2398 quibus
1037 2328 1164 2387 tbturum
1192 2339 1325 2390 exactum

124 2434 226 2493 occurrit
242 2437 393 2510 utrobique
415 2436 546 2511 positum.

190 2542 413 2618 inenuntiatis,
446 2548 495 2605 ubi
522 2563 586 2605 cum
611 2548 701 2604 babet
728 2548 786 2605 vim
814 2550 1032 2621 explicativani,
1065 2557 1097 2609 ut
1129 2554 1174 2609 bis
1200 2556 1323 2626 positum

121 2653 256 2717 invenimus
280 2664 396 2731 tempus
421 2674 559 2731 praesens
582 2658 646 2733 (tv,
665 2660 717 2733 21)
745 2665 773 2716 et
796 2662 923 2717 tatinum
951 2663 1072 2733 primum
1095 2662 1159 2737 (oto,
1178 2665 1222 2739 b),
1256 2668 1324 2723 iterii

119 2764 209 2839 legitur
226 2768 355 2827 futurum
377 2774 509 2827 exactum
534 2803 570 2810 —
596 2771 677 2828 velut
702 2771 750 2838 15,
769 2776 820 2830 lb:

185 2872 320 2929 firmitatis
337 2872 392 2927 erit
408 2872 503 2927 habita
523 2875 606 2942 ratic,
631 2893 693 2927 cum
716 2875 800 2928 fuerit
823 2876 1065 2930 fundamentorum
1089 2880 1123 2932 ad
1147 2881 1263 2934 solidum
1283 2883 1325 2935 de·

120 2966 203 3033 petuo
218 2986 241 3023 e.
254 2986 281 3037 q.
294 2986 316 3022 a.

182 3085 323 3161 Apertum
345 3090 391 3144 est
416 3087 465 3145 vix
491 3088 642 3159 quicquam
670 3089 811 3146 interesse
838 3122 874 3129 —
900 3091 924 3147 si
947 3109 1007 3148 rem
1031 3098 1143 3164 spectes
1167 3126 1205 3134 -
1230 3099 1325 3152 utrum

112 3194 221 3257 burum
242 3198 367 3272 primurn
389 3214 427 3255 an
449 3204 580 3257 exactum
602 3199 632 3256 in
655 3200 792 3256 eiusmodi
809 3202 966 3259 enuntiatis
982 3203 1104 3274 positum
1128 3205 1175 3262 sit.
1210 3204 1325 3262 Nullum

115 3310 173 3368 uim
193 3314 237 3369 ast
258 3310 412 3369 discrimen
434 3311 487 3368 nisi
511 3311 585 3382 quod
605 3309 755 3369 Vitruvius
776 3312 859 3397 mocio
882 3330 942 3370 rem
965 3314 1101 3383 futuram,
1124 3316 1205 3371 inodo
1228 3316 1325 3373 futuro

113 3416 276 3497 intempore
297 3421 357 3479 iam
379 3421 537 3494 perfectam
559 3423 710 3494 cogitavit.
827 3406 830 3411 ¹

180 3548 390 3624 Nonnunquam
411 3548 454 3621 fit,
477 3554 510 3608 ut
531 3550 628 3609 futuro
651 3557 753 3609 exacto
776 3553 820 3608 bis
835 3554 927 3625 posito
944 3553 1137 3613 admisceatur
1152 3556 1326 3628 significatio

104 3658 264 3721 fficacioma
276 3658 515 3738 affirmationis2).
537 3662 624 3735 Apud
635 3661 798 3722 Vitruvium
809 3680 896 3721 unum
908 3664 1046 3723 eiusmodi
1058 3672 1140 3724 extat
1151 3668 1324 3740 exemplum:

180 3766 238 3835 154,
249 3767 285 3819 24
302 3782 366 3819 cum
377 3766 585 3836 magnificenter
597 3785 665 3836 opus
684 3768 837 3836 perfectum
855 3769 1013 3837 aspicietur,
1032 3789 1048 3823 a
1065 3772 1169 3824 domini
1187 3776 1324 3840 potestate

100 3858 235 3930 impensae
256 3860 457 3931 laudabunt-ur,
480 3879 543 3914 cum
566 3862 717 3929 subtiliter,
740 3862 919 3915 officinatoris
941 3865 1105 3932 probabitur
1122 3866 1240 3935 exactio,
1263 3884 1325 3919 cum

98 3972 162 4011 vero
177 3960 293 4011 venuste
314 3957 538 4025 proportionibus
562 3961 590 4009 et
608 3956 774 4025 symmetriis
792 3957 921 4010 habuerit
939 3960 1140 4029 auctoritatem,
1158 3966 1225 4014 tunc
1243 3961 1327 4013 suerit

67 4094 71 4101 .
95 4050 183 4119 gioria
200 4050 352 4105 architecti.

185 4258 210 4327 ¹)
228 4254 284 4311 ca.
304 4258 345 4327 13,
358 4258 399 4312 14.
429 4258 472 4326 aa,
484 4259 525 4312 31.
557 4259 653 4327 asso.
685 4258 727 4326 ao,
740 4258 781 4313 1o.
816 4260 860 4326 41,
872 4260 896 4313 o.
934 4261 1046 4329 1oa,1o.
1083 4261 1176 4329 laos.
1214 4262 1272 4329 152,
1286 4262 1326 4316 1a.

93 4344 155 4414 1oo,
166 4344 210 4413 ra,
221 4344 263 4397 aa.
291 4344 402 4413 mam.
435 4345 546 4413 187,19.
574 4346 633 4412 aco,
647 4346 687 4397 14.
718 4345 776 4412 211,
790 4346 813 4398 o.
842 4346 938 4413 asem.
966 4346 1059 4413 avua

183 4430 210 4497 ²)
227 4428 283 4483 etr.
306 4428 425 4499 Madvig.
446 4430 480 4483 de
506 4430 657 4483 formarum
685 4430 867 4497 quarumdam
889 4430 968 4483 verbi
989 4430 1080 4484 Latini
1104 4434 1204 4485 natura
1226 4436 1253 4486 et
1274 4450 1326 4486 usu

89 4514 255 4587 disputatio.
292 4514 401 4585 Opuscl.
420 4516 496 4570 acad.
515 4517 568 4571 vol.
581 4516 611 4569 II
629 4534 691 4585 pag.
705 4518 746 4569 95.
