2850 4808
596 214 804 277 ...Ὶ3..Ι

82 417 182 469 notum
208 415 254 468 est
279 410 338 468 iam
364 409 441 482 apud
462 407 572 467 Livium
599 424 737 481 praesens
763 425 815 481 pro
836 408 965 481 perlecto
986 409 1109 482 positum
1131 411 1245 483 saepius
1267 411 1311 468 in·

85 523 181 582 veniri
189 518 221 598 ¹).

148 649 150 655 '
171 638 208 709 ¹In
222 649 347 708 Vitruvii
367 649 450 708 libris
471 649 521 706 ille
543 650 705 721 praesentis
726 666 794 707 usus
809 649 869 707 late
884 654 975 721 patet.
1009 647 1049 707 Ut
1070 667 1140 709 vero
1161 657 1206 708 est
1220 668 1313 709 sermo

87 762 281 845 Vitruvianus¹
295 762 460 845 inconstans
483 764 513 818 et
534 760 734 832 inaequabilis,
761 755 804 818 ita
825 753 913 833 saepe
936 761 1013 818 inter
1034 778 1172 833 praesens
1195 768 1225 820 ct
1246 780 1312 835 per·

84 873 192 931 fectum
218 871 339 931 fluctuat
366 873 468 932 oratio.
513 857 652 944 Exempla
677 873 724 929 hic
745 889 819 944 pono
841 873 1003 944 praesentis
1032 879 1061 929 et
1087 873 1209 944 perfecti
1231 874 1313 944 haec,

85 1002 159 1056 quae
181 985 211 1058 in
232 985 316 1042 libris
338 988 404 1042 sunt
425 983 508 1041 iuxta
529 984 693 1054 composita.

174 1107 277 1175 anum
300 1123 314 1159 e
336 1110 415 1160 tauro
439 1122 502 1158 cum
524 1105 679 1173 ingreditur
701 1107 763 1174 (sel)
786 1105 815 1158 in
838 1106 961 1175 geminos
984 1106 1170 1159 exorientibus
1192 1107 1315 1176 vergiliis

87 1201 176 1270 magis
195 1201 293 1254 crescit
310 1217 394 1270 supra
411 1204 514 1253 terrem
532 1204 560 1252 et
578 1205 660 1268 auget
678 1201 767 1269 spatia
785 1200 900 1253 dierum.

172 1297 231 1362 227,
243 1297 276 1348 23
294 1295 329 1348 ab
347 1294 462 1362 aquario
480 1312 543 1347 cum
561 1293 700 1362 ingressus
719 1295 806 1347 estin
825 1295 914 1363 pisces
933 1295 1044 1347 favonio
1062 1295 1145 1348 flante
1164 1297 1315 1364 scorpionis

86 1394 229 1458 comparat
247 1390 391 1458 aequalem
409 1406 527 1442 cursum.
1058 1395 1060 1399 ’

171 1471 257 1552 ml
277 1483 377 1537 deinde
395 1501 409 1536 e
427 1483 543 1552 geminis
561 1500 624 1535 cum
643 1481 706 1535 iniit
724 1483 758 1535 ad
777 1501 906 1536 cancrum
920 1526 1028 1538 .....
1044 1484 1153 1553 perficit
1170 1485 1313 1538 solstitiale

85 1583 204 1648 tempus.

172 1673 277 1741 217,Ιὸ
295 1690 310 1725 e
328 1673 471 1741 scorpione
489 1689 552 1726 cum
569 1672 755 1741 percurrendo
772 1672 824 1725 init
842 1673 870 1724 in
890 1673 1062 1742 sagittarium
1082 1674 1116 1726 ad
1134 1674 1237 1727 femina
1249 1674 1316 1741 cius,

87 1767 299 1821 contractiorem
317 1767 447 1820 diurnum
465 1767 591 1836 pervolat
608 1785 726 1820 cursum.
746 1785 808 1820 cum
828 1772 920 1835 autem
938 1768 1037 1836 incipit
1055 1800 1086 1805 —
1106 1769 1250 1836 percurrit.

174 1863 232 1930 254,
246 1862 279 1913 13
296 1862 359 1915 vela
376 1879 440 1914 cum
458 1867 522 1914 sunt
534 1879 583 1930 per
594 1861 716 1914 medium
729 1866 890 1930 temperata,
908 1862 1043 1915 minorem
1055 1863 1159 1916 habent
1176 1865 1315 1918 virtutem.

173 1957 232 2025 255,
243 1957 262 2007 4
279 1956 375 2009 eadem
393 1956 498 2009 ratione
511 1956 634 2009 iumenta
646 1974 708 2009 cum
722 1957 786 2025 iuga
799 1974 892 2008 eorum
907 1957 1041 2023 subiugiis
1053 1958 1119 2009 loris
1132 1975 1182 2025 per
1194 1958 1315 2011 medium

86 2055 285 2119 temperentur,
304 2052 457 2119 aequaliter
474 2051 588 2104 trahunt
606 2067 696 2103 onera.
994 2046 1013 2057 '¹

175 2169 231 2228 Sed
252 2170 403 2229 redeamus
425 2170 462 2227 ad
483 2169 605 2243 perfecti
627 2187 718 2228 usum.
762 2169 867 2227 Restat
889 2171 973 2239 enim,
996 2176 1028 2227 ut
1051 2170 1143 2228 dicam
1166 2171 1201 2228 de
1225 2173 1315 2243 signi-

88 2282 232 2340 ficationis
254 2282 425 2352 discrimine,
448 2281 522 2354 quod
544 2282 621 2338 inter
643 2282 759 2352 singula
781 2282 920 2353 exempla,
945 2299 1017 2353 quae
1033 2281 1192 2353 perlectum
1207 2285 1317 2354 passivi

88 2411 107 2451 a
129 2410 191 2452 cum
214 2410 382 2466 suspensum
404 2395 549 2462 exhibent,
572 2392 752 2451 intercedere
768 2394 906 2452 videmus.
942 2391 980 2449 Ut
995 2393 1070 2449 enim
1085 2393 1171 2465 longe
1185 2394 1317 2466 plurimis

87 2505 157 2564 locis
182 2503 342 2577 perfectum
368 2508 475 2562 statum
500 2504 609 2562 indicat
631 2507 743 2563 actione
766 2505 862 2575 aliqua
885 2503 1015 2561 effectum
1042 2537 1077 2544 —
1103 2505 1184 2562 velut
1209 2508 1267 2573 168,
1282 2509 1315 2560 10

90 2609 193 2662 colores
216 2613 307 2662 sutem
331 2609 386 2661 udo
407 2609 523 2662 tectorio
547 2627 608 2661 curn
630 2610 777 2678 diligenter
795 2614 859 2660 sunt
878 2608 995 2675 inducti,
1019 2608 1080 2660 ideo
1098 2627 1153 2660 non
1171 2610 1318 2664 remittunt

88 2711 162 2779 quod
184 2741 223 2751 —
247 2710 290 2767 ita
312 2710 448 2767 nonnulla
471 2717 537 2768 sunt
560 2710 697 2782 exempla,
721 2711 750 2767 in
773 2710 875 2782 quibus
898 2710 1080 2781 participium
1102 2710 1223 2780 perfecti
1240 2713 1317 2769 omni

87 2821 266 2893 praeteritae
297 2822 418 2879 actionis
450 2823 565 2879 notione
597 2822 702 2879 amissa
728 2822 813 2893 plane
842 2820 992 2887 adiectivi‚
1025 2822 1145 2878 verbum
1173 2823 1317 2880 auxiliare

88 2933 206 3004 copulae
232 2949 349 2990 munere
376 2933 508 3004 fungitur
534 2935 577 2990 ita
603 2939 635 2989 ut
657 2932 784 3003 perlecto
812 2932 991 3002 significetur
1018 2932 1125 3004 aliquid
1148 2933 1231 2989 simul
1253 2950 1317 2991 cum

88 3048 241 3114 praesente
274 3045 416 3101 enuntiati
453 3044 582 3116 primarii
615 3043 690 3100 idem
722 3061 775 3115 per
808 3044 944 3114 temporis
978 3044 1101 3114 spatium
1134 3060 1315 3114 permanens

88 3152 229 3227 Exempla
251 3159 331 3215 sunt:
836 3147 837 3151 ¹

175 3277 286 3345 193,15
310 3309 342 3316 -
369 3279 404 3330 ad
426 3279 542 3330 eundem
566 3279 678 3330 niodum
702 3296 733 3330 ea
756 3278 848 3346 capita
870 3278 987 3330 fontium
1011 3295 1073 3329 cum
1097 3281 1160 3329 sunt
1183 3279 1317 3344 angustiis

91 3387 252 3440 compresse,
269 3378 355 3425 ruunt
372 3373 401 3424 in
421 3391 527 3424 summo
546 3373 659 3441 spiritus
678 3391 764 3439 aquae
783 3372 906 3424 bullitus
1057 3435 1060 3439 Ι

176 3467 263 3536 244,4
280 3472 309 3520 at
326 3468 457 3536 spirabile
479 3470 526 3536 (sc.
550 3472 592 3520 est
614 3468 723 3534 genus),
748 3484 810 3518 cum
834 3467 946 3534 spiritus
971 3471 1013 3518 est
1036 3466 1257 3534 expressionibus
1281 3467 1318 3519 in-

88 3560 185 3629 pulsus
202 3565 234 3614 ut
250 3562 348 3630 plagae
366 3579 501 3628 vocesque
521 3560 673 3634 όργιινικῶς
691 3562 920 3628 exprimantur2).

173 3677 271 3738 Latius
298 3685 398 3753 patere
426 3680 502 3753 apud
529 3678 693 3736 Vitruvium
721 3679 801 3735 illum
828 3696 909 3736 usum
938 3679 1058 3750 perfecti
1087 3697 1138 3751 pro
1166 3684 1318 3750 praesente

87 3791 189 3862 positi,
218 3791 344 3848 ostendit
366 3789 497 3849 Praunus
520 3790 539 3849 l.
562 3791 581 3848 l.
606 3807 673 3862 pag.
693 3792 731 3845 ‘2⁶2
749 3807 771 3849 s.
800 3796 829 3846 et
851 3807 919 3861 pag.
937 3791 977 3845 511
1003 3806 1095 3862 neque
1118 3781 1211 3848 virum
1238 3790 1318 3846 illum

88 3902 227 3959 sermonis
242 3900 406 3960 Vitruviani
428 3902 631 3973 peritissimum
655 3901 765 3971 effugit,
788 3900 818 3956 in
834 3889 959 3958 Vitruvii
982 3901 1063 3958 libris
1086 3918 1172 3972 saepe
1194 3901 1318 3957 inveniri

87 4028 170 4069 usum
196 4013 277 4070 illum
304 4015 387 4071 verbi
414 4013 564 4070 auxiliaris
593 4030 655 4069 cum
685 4013 837 4084 participio
866 4011 987 4083 perfecti
1018 4014 1126 4084 passivi
1159 4013 1316 4085 compositi,

88 4139 171 4195 quem
195 4141 211 4181 e
234 4140 364 4181 sermone
379 4125 495 4196 vulgari
518 4125 547 4180 in
570 4124 735 4196 linguarum
757 4124 935 4180 noviciarum
957 4122 1188 4180 consuetudinem
1213 4123 1318 4180 abiisse

88 4239 212 4295 constat.

180 4454 203 4520 ¹)
223 4453 277 4506 cfr.
298 4453 418 4522 Madvig.
438 4454 466 4505 in
486 4453 547 4506 adn.
567 4453 602 4505 ad
621 4451 675 4505 Cic.
695 4452 728 4504 de
746 4450 792 4504 fin.
805 4451 838 4504 V.
854 4452 892 4504 14.
906 4451 946 4502 41.

179 4541 203 4607 ²)
222 4539 250 4591 Si
269 4540 379 4608 quidem
399 4539 471 4594 Rose
489 4544 597 4594 rectum
616 4544 762 4594 assecutus
779 4543 832 4592 est.
