2850 4808
536 897 866 981 THESES.

108 1226 146 1286 ·l.
181 1226 233 1295 Ea,
258 1244 330 1300 quae
353 1227 449 1284 codiee
469 1225 633 1284 Erfurtensi
657 1259 693 1267 -
718 1243 793 1284 nune
812 1225 991 1285 Berelinensi
1015 1260 1051 1270 -
1078 1245 1093 1285 e
1115 1229 1189 1286 libro
1212 1237 1315 1304 quarto

182 1347 372 1403 accusationis
398 1348 428 1403 in
455 1345 576 1403 Verrem
604 1351 741 1420 excerpta
767 1347 964 1416 eontinentur,
998 1354 1028 1404 et
1056 1342 1101 1406 (3³
1130 1345 1313 1424 (Guelferby-

181 1473 264 1522 tanos
293 1470 322 1522 et
343 1464 523 1541 Leidensem)
553 1483 589 1523 ex
617 1466 716 1523 eodem
745 1465 825 1523 fonte
851 1464 967 1523 fluxisse
996 1467 1046 1540 (ef.
1069 1466 1186 1528 Meusel.
1209 1467 1313 1542 Progr.

181 1585 208 1643 d.
232 1583 343 1644 Friedr.
368 1582 402 1644 G.
436 1585 535 1643 Berlin
560 1585 664 1660 1876),
688 1587 868 1657 argumentis
890 1587 1082 1645 demonstrari
1103 1605 1161 1645 non
1182 1593 1287 1662 potest.

141 1769 145 1779 .
180 1720 223 1777 En
250 1723 311 1794 ipse
337 1723 434 1780 codiee
456 1722 548 1795 Regio
571 1722 749 1780 Emurtensis
778 1728 915 1796 excerpta
941 1724 1072 1796 prosecta
1098 1741 1161 1782 esse
1190 1743 1206 1783 e
1233 1743 1312 1783 men·

181 1841 280 1897 dorum
302 1849 408 1898 natura
430 1843 531 1902 elucet.

138 2024 144 2036 .
180 1977 491 2051 Plusquamperiectum
518 1980 691 2038 coniunctivi
723 1997 741 2036 a
774 1981 961 2053 scriptoribus
991 1982 1116 2039 labentis
1147 1980 1314 2040 Latinitatis

181 2114 266 2169 saepe
289 2099 411 2169 positum
433 2115 484 2170 pre
507 2099 674 2171 imperfecto
691 2099 739 2174 (ef.
755 2098 895 2158 Ruenseh.
913 2099 990 2158 Itala
1005 2118 1033 2160 u.
1050 2100 1178 2173 Vulgata
1192 2119 1220 2174 p.
1238 2101 1313 2178 431)

178 2218 236 2273 iam
258 2219 288 2274 in
310 2215 435 2276 Vitruvii
458 2220 540 2276 libris
562 2219 749 2293 deprehendi,
773 2237 809 2276 ex
831 2221 876 2278 his
897 2220 967 2278 locis
989 2220 1177 2292 intelligitur:

219 2350 277 2416 245,
290 2351 313 2401 3.
334 2350 373 2401 14.
394 2351 433 2402 18.
453 2351 512 2417 282,
526 2351 559 2402 12
577 2349 630 2418 (ed.
649 2349 722 2403 Rose
740 2355 768 2403 et
785 2349 1079 2418 Mueller-Struebing).

138 2521 143 2532 .
181 2473 213 2531 ln
235 2477 336 2548 lingua
357 2474 543 2551 Hispaniensi
557 2477 720 2549 praesentis
735 2477 933 2536 coniunctivus
948 2477 1015 2550 poni
1029 2478 1103 2535 solet
1117 2478 1147 2534 in
1163 2478 1312 2536 enuntiate

178 2597 340 2666 temporali,
363 2613 426 2653 eum
448 2598 478 2653 in
499 2597 637 2669 primario
660 2601 705 2653 est
725 2596 852 2653 futurum
874 2598 996 2670 primum
1019 2595 1068 2671 (ef,
1085 2595 1167 2656 Diez.
1183 2593 1310 2657 Gramm.

179 2714 205 2772 d.
229 2731 299 2774 rem.
323 2713 385 2787 Spr.
409 2733 436 2788 p.
456 2714 560 2790 1017).
595 2713 761 2772 Praesentis
777 2716 974 2774 coniunctiuus
990 2716 1089 2773 eodem
1104 2716 1186 2773 mode
1201 2717 1311 2789 positus

177 2835 234 2890 iam
261 2835 336 2906 apud
365 2833 528 2894 Vitruvium
557 2835 685 2908 aliosque
713 2835 867 2908 scriptores
894 2833 1011 2892 Latinos
1039 2841 1136 2893 aetate
1159 2836 1311 2893 inferiores

177 2953 332 3024 iuvenitur,
356 2957 403 3027 qui
425 2956 622 3013 coniunctivus
645 2954 683 3012 ad
705 2951 880 3013 Graecorum
903 2955 1136 3013 consuetudinem
1158 2952 1242 3026 (ὅταν)
1262 2972 1309 3012 re-

177 3072 312 3130 ferendus
335 3080 396 3146 est„

108 3208 140 3267 V.
175 3207 289 3269 Vitruv.
314 3210 348 3267 de
372 3213 474 3271 archit.
498 3213 606 3281 2226
634 3229 698 3269 eum
720 3212 880 3271 coniunctio
903 3213 1026 3270 delenda
1049 3218 1103 3272 est.
